id,timestamp,datetime,nonce,symbol,trade_priority,ask_price,ask_volume,bid_price,bid_volume
0,1698711261523,2023-10-31T00:14:21.523Z,,BTC/USDT,1,34509.15,0.12998,34509.14,1.787571
0,1698711261523,2023-10-31T00:14:21.523Z,,BTC/USDT,2,34509.39,0.022973,34508.79,0.007372
0,1698711261523,2023-10-31T00:14:21.523Z,,BTC/USDT,3,34510.0,0.2217,34508.57,0.12
0,1698711261523,2023-10-31T00:14:21.523Z,,BTC/USDT,4,34511.55,0.002878,34508.46,0.030122
0,1698711261523,2023-10-31T00:14:21.523Z,,BTC/USDT,5,34511.65,0.05,34508.45,0.180144
0,1698711261523,2023-10-31T00:14:21.523Z,,BTC/USDT,6,34512.0,0.1407,34508.44,0.519718
0,1698711261523,2023-10-31T00:14:21.523Z,,BTC/USDT,7,34513.2,0.342005,34508.43,0.115869
0,1698711261523,2023-10-31T00:14:21.523Z,,BTC/USDT,8,34513.23,0.57,34508.0,0.1407
0,1698711261523,2023-10-31T00:14:21.523Z,,BTC/USDT,9,34513.82,0.03,34507.88,0.12
0,1698711261523,2023-10-31T00:14:21.523Z,,BTC/USDT,10,34514.0,0.1407,34507.76,0.166897
0,1698711261523,2023-10-31T00:14:21.523Z,,BTC/USDT,11,34514.47,0.000231,34507.75,0.05
0,1698711261523,2023-10-31T00:14:21.523Z,,BTC/USDT,12,34514.48,0.162209,34507.28,0.028992
0,1698711261523,2023-10-31T00:14:21.523Z,,BTC/USDT,13,34514.49,0.342005,34507.22,0.023517
0,1698711261523,2023-10-31T00:14:21.523Z,,BTC/USDT,14,34514.66,0.072865,34506.23,0.101223
0,1698711261523,2023-10-31T00:14:21.523Z,,BTC/USDT,15,34514.67,0.003,34506.22,0.168699
0,1698711261523,2023-10-31T00:14:21.523Z,,BTC/USDT,16,34514.94,0.004915,34506.0,0.1407
0,1698711261523,2023-10-31T00:14:21.523Z,,BTC/USDT,17,34514.95,0.57,34505.89,0.016556
0,1698711261523,2023-10-31T00:14:21.523Z,,BTC/USDT,18,34515.2,0.014605,34505.57,0.08278
0,1698711261523,2023-10-31T00:14:21.523Z,,BTC/USDT,19,34515.71,0.022,34505.56,0.088534
0,1698711261523,2023-10-31T00:14:21.523Z,,BTC/USDT,20,34516.14,0.394141,34505.53,0.079999
0,1698711261523,2023-10-31T00:14:21.523Z,,BTC/USDT,21,34516.15,0.656898,34505.2,0.021231
0,1698711261523,2023-10-31T00:14:21.523Z,,BTC/USDT,22,34516.29,0.044465,34505.19,0.004656
0,1698711261523,2023-10-31T00:14:21.523Z,,BTC/USDT,23,34516.76,0.028977,34504.89,0.56
0,1698711261523,2023-10-31T00:14:21.523Z,,BTC/USDT,24,34517.3,0.011186,34504.66,0.044728
0,1698711261523,2023-10-31T00:14:21.523Z,,BTC/USDT,25,34517.45,0.031076,34504.17,0.028977
0,1698711261523,2023-10-31T00:14:21.523Z,,BTC/USDT,26,34518.05,0.028978,34504.01,0.306207
0,1698711261523,2023-10-31T00:14:21.523Z,,BTC/USDT,27,34518.63,0.02749,34504.0,0.1407
0,1698711261523,2023-10-31T00:14:21.523Z,,BTC/USDT,28,34519.37,0.115832,34503.51,0.57
0,1698711261523,2023-10-31T00:14:21.523Z,,BTC/USDT,29,34519.67,0.049808,34503.46,0.001741
0,1698711261523,2023-10-31T00:14:21.523Z,,BTC/USDT,30,34520.0,0.083,34503.45,0.067352
0,1698711261523,2023-10-31T00:14:21.523Z,,BTC/USDT,31,34520.98,0.028992,34503.02,0.003482
0,1698711261523,2023-10-31T00:14:21.523Z,,BTC/USDT,32,34521.5,0.011611,34502.79,0.12
0,1698711261523,2023-10-31T00:14:21.523Z,,BTC/USDT,33,34521.79,6.2e-05,34502.67,0.079999
0,1698711261523,2023-10-31T00:14:21.523Z,,BTC/USDT,34,34521.92,0.104363,34502.66,0.028983
0,1698711261523,2023-10-31T00:14:21.523Z,,BTC/USDT,35,34522.69,0.029018,34502.49,0.084427
0,1698711261523,2023-10-31T00:14:21.523Z,,BTC/USDT,36,34523.0,0.467966,34502.47,0.014411
0,1698711261523,2023-10-31T00:14:21.523Z,,BTC/USDT,37,34523.1,1.735777,34502.22,0.12
0,1698711261523,2023-10-31T00:14:21.523Z,,BTC/USDT,38,34523.11,0.057932,34502.0,0.1407
0,1698711261523,2023-10-31T00:14:21.523Z,,BTC/USDT,39,34523.3,2.9002,34501.98,0.057
0,1698711261523,2023-10-31T00:14:21.523Z,,BTC/USDT,40,34523.57,1.159469,34501.97,0.079999
0,1698711261523,2023-10-31T00:14:21.523Z,,BTC/USDT,41,34523.95,0.015119,34501.29,0.342003
0,1698711261523,2023-10-31T00:14:21.523Z,,BTC/USDT,42,34526.08,0.274093,34501.28,0.57
0,1698711261523,2023-10-31T00:14:21.523Z,,BTC/USDT,43,34526.17,0.289525,34501.15,0.115894
0,1698711261523,2023-10-31T00:14:21.523Z,,BTC/USDT,44,34526.77,0.456819,34500.87,0.003
0,1698711261523,2023-10-31T00:14:21.523Z,,BTC/USDT,45,34527.4,0.3,34500.08,0.079999
0,1698711261523,2023-10-31T00:14:21.523Z,,BTC/USDT,46,34529.38,0.041283,34500.0,0.1407
0,1698711261523,2023-10-31T00:14:21.523Z,,BTC/USDT,47,34530.0,0.081,34499.87,0.155795
0,1698711261523,2023-10-31T00:14:21.523Z,,BTC/USDT,48,34530.71,6.4e-05,34499.52,0.044432
0,1698711261523,2023-10-31T00:14:21.523Z,,BTC/USDT,49,34531.15,0.010614,34499.46,0.031426
0,1698711261523,2023-10-31T00:14:21.523Z,,BTC/USDT,50,34531.98,0.382487,34499.39,0.109692
1,1698711261543,2023-10-31T00:14:21.543Z,,BTC/USDT,1,34509.15,0.12998,34509.14,1.787571
1,1698711261543,2023-10-31T00:14:21.543Z,,BTC/USDT,2,34509.39,0.022973,34508.79,0.007372
1,1698711261543,2023-10-31T00:14:21.543Z,,BTC/USDT,3,34510.0,0.2217,34508.57,0.12
1,1698711261543,2023-10-31T00:14:21.543Z,,BTC/USDT,4,34511.55,0.002878,34508.46,0.030122
1,1698711261543,2023-10-31T00:14:21.543Z,,BTC/USDT,5,34512.0,0.1407,34508.45,0.180144
1,1698711261543,2023-10-31T00:14:21.543Z,,BTC/USDT,6,34513.03,0.05,34508.44,0.519718
1,1698711261543,2023-10-31T00:14:21.543Z,,BTC/USDT,7,34513.2,0.342005,34508.43,0.115869
1,1698711261543,2023-10-31T00:14:21.543Z,,BTC/USDT,8,34513.23,0.57,34508.0,0.1407
1,1698711261543,2023-10-31T00:14:21.543Z,,BTC/USDT,9,34513.82,0.03,34507.88,0.12
1,1698711261543,2023-10-31T00:14:21.543Z,,BTC/USDT,10,34514.0,0.1407,34507.76,0.166897
1,1698711261543,2023-10-31T00:14:21.543Z,,BTC/USDT,11,34514.48,0.162209,34507.75,0.05
1,1698711261543,2023-10-31T00:14:21.543Z,,BTC/USDT,12,34514.49,0.342005,34507.28,0.028992
1,1698711261543,2023-10-31T00:14:21.543Z,,BTC/USDT,13,34514.66,0.072865,34507.22,0.023517
1,1698711261543,2023-10-31T00:14:21.543Z,,BTC/USDT,14,34514.67,0.003,34506.23,0.101223
1,1698711261543,2023-10-31T00:14:21.543Z,,BTC/USDT,15,34514.94,0.004915,34506.22,0.168699
1,1698711261543,2023-10-31T00:14:21.543Z,,BTC/USDT,16,34514.95,0.57,34506.0,0.1407
1,1698711261543,2023-10-31T00:14:21.543Z,,BTC/USDT,17,34515.2,0.014605,34505.89,0.016556
1,1698711261543,2023-10-31T00:14:21.543Z,,BTC/USDT,18,34515.71,0.022,34505.57,0.08278
1,1698711261543,2023-10-31T00:14:21.543Z,,BTC/USDT,19,34516.14,0.394141,34505.56,0.088534
1,1698711261543,2023-10-31T00:14:21.543Z,,BTC/USDT,20,34516.15,0.656898,34505.53,0.079999
1,1698711261543,2023-10-31T00:14:21.543Z,,BTC/USDT,21,34516.29,0.044465,34505.2,0.021231
1,1698711261543,2023-10-31T00:14:21.543Z,,BTC/USDT,22,34516.76,0.028977,34505.19,0.004656
1,1698711261543,2023-10-31T00:14:21.543Z,,BTC/USDT,23,34517.3,0.011186,34504.89,0.56
1,1698711261543,2023-10-31T00:14:21.543Z,,BTC/USDT,24,34517.45,0.031076,34504.66,0.044728
1,1698711261543,2023-10-31T00:14:21.543Z,,BTC/USDT,25,34518.05,0.028978,34504.17,0.028977
1,1698711261543,2023-10-31T00:14:21.543Z,,BTC/USDT,26,34518.63,0.02749,34504.01,0.306207
1,1698711261543,2023-10-31T00:14:21.543Z,,BTC/USDT,27,34519.36,0.069499,34504.0,0.1407
1,1698711261543,2023-10-31T00:14:21.543Z,,BTC/USDT,28,34519.37,0.115832,34503.51,0.57
1,1698711261543,2023-10-31T00:14:21.543Z,,BTC/USDT,29,34520.0,0.083,34503.46,0.001741
1,1698711261543,2023-10-31T00:14:21.543Z,,BTC/USDT,30,34520.98,0.028992,34503.45,0.067352
1,1698711261543,2023-10-31T00:14:21.543Z,,BTC/USDT,31,34521.5,0.011611,34503.02,0.003482
1,1698711261543,2023-10-31T00:14:21.543Z,,BTC/USDT,32,34521.79,6.2e-05,34502.79,0.12
1,1698711261543,2023-10-31T00:14:21.543Z,,BTC/USDT,33,34521.91,0.062618,34502.67,0.079999
1,1698711261543,2023-10-31T00:14:21.543Z,,BTC/USDT,34,34521.92,0.104363,34502.66,0.028983
1,1698711261543,2023-10-31T00:14:21.543Z,,BTC/USDT,35,34522.69,0.029018,34502.49,0.084427
1,1698711261543,2023-10-31T00:14:21.543Z,,BTC/USDT,36,34523.0,0.467966,34502.47,0.014411
1,1698711261543,2023-10-31T00:14:21.543Z,,BTC/USDT,37,34523.1,1.735777,34502.22,0.12
1,1698711261543,2023-10-31T00:14:21.543Z,,BTC/USDT,38,34523.11,0.057932,34502.0,0.1407
1,1698711261543,2023-10-31T00:14:21.543Z,,BTC/USDT,39,34523.3,2.9002,34501.98,0.057
1,1698711261543,2023-10-31T00:14:21.543Z,,BTC/USDT,40,34523.57,1.159469,34501.97,0.079999
1,1698711261543,2023-10-31T00:14:21.543Z,,BTC/USDT,41,34523.95,0.015119,34501.29,0.342003
1,1698711261543,2023-10-31T00:14:21.543Z,,BTC/USDT,42,34526.08,0.274093,34501.28,0.57
1,1698711261543,2023-10-31T00:14:21.543Z,,BTC/USDT,43,34526.17,0.289525,34501.15,0.115894
1,1698711261543,2023-10-31T00:14:21.543Z,,BTC/USDT,44,34526.77,0.456819,34500.87,0.003
1,1698711261543,2023-10-31T00:14:21.543Z,,BTC/USDT,45,34527.4,0.3,34500.08,0.079999
1,1698711261543,2023-10-31T00:14:21.543Z,,BTC/USDT,46,34529.38,0.041283,34500.0,0.1407
1,1698711261543,2023-10-31T00:14:21.543Z,,BTC/USDT,47,34530.0,0.081,34499.87,0.155795
1,1698711261543,2023-10-31T00:14:21.543Z,,BTC/USDT,48,34530.71,6.4e-05,34499.52,0.044432
1,1698711261543,2023-10-31T00:14:21.543Z,,BTC/USDT,49,34531.15,0.010614,34499.46,0.031426
1,1698711261543,2023-10-31T00:14:21.543Z,,BTC/USDT,50,34531.98,0.382487,34499.39,0.109692
2,1698711261562,2023-10-31T00:14:21.562Z,,BTC/USDT,1,34509.15,0.12998,34509.14,1.787571
2,1698711261562,2023-10-31T00:14:21.562Z,,BTC/USDT,2,34509.39,0.022973,34508.79,0.007372
2,1698711261562,2023-10-31T00:14:21.562Z,,BTC/USDT,3,34510.0,0.2217,34508.57,0.12
2,1698711261562,2023-10-31T00:14:21.562Z,,BTC/USDT,4,34511.55,0.002878,34508.46,0.030122
2,1698711261562,2023-10-31T00:14:21.562Z,,BTC/USDT,5,34512.0,0.1407,34508.45,0.180144
2,1698711261562,2023-10-31T00:14:21.562Z,,BTC/USDT,6,34513.03,0.05,34508.44,0.519718
2,1698711261562,2023-10-31T00:14:21.562Z,,BTC/USDT,7,34513.19,0.000231,34508.43,0.115869
2,1698711261562,2023-10-31T00:14:21.562Z,,BTC/USDT,8,34513.2,0.342005,34508.0,0.1407
2,1698711261562,2023-10-31T00:14:21.562Z,,BTC/USDT,9,34513.23,0.57,34507.88,0.12
2,1698711261562,2023-10-31T00:14:21.562Z,,BTC/USDT,10,34513.82,0.03,34507.76,0.166897
2,1698711261562,2023-10-31T00:14:21.562Z,,BTC/USDT,11,34514.0,0.1407,34507.75,0.05
2,1698711261562,2023-10-31T00:14:21.562Z,,BTC/USDT,12,34514.48,0.162209,34507.28,0.028992
2,1698711261562,2023-10-31T00:14:21.562Z,,BTC/USDT,13,34514.49,0.342005,34507.22,0.023517
2,1698711261562,2023-10-31T00:14:21.562Z,,BTC/USDT,14,34514.66,0.072865,34506.23,0.101223
2,1698711261562,2023-10-31T00:14:21.562Z,,BTC/USDT,15,34514.67,0.003,34506.22,0.168699
2,1698711261562,2023-10-31T00:14:21.562Z,,BTC/USDT,16,34514.94,0.004915,34506.0,0.1407
2,1698711261562,2023-10-31T00:14:21.562Z,,BTC/USDT,17,34514.95,0.57,34505.89,0.016556
2,1698711261562,2023-10-31T00:14:21.562Z,,BTC/USDT,18,34515.2,0.014605,34505.57,0.08278
2,1698711261562,2023-10-31T00:14:21.562Z,,BTC/USDT,19,34515.71,0.022,34505.56,0.088534
2,1698711261562,2023-10-31T00:14:21.562Z,,BTC/USDT,20,34516.14,0.394141,34505.53,0.079999
2,1698711261562,2023-10-31T00:14:21.562Z,,BTC/USDT,21,34516.15,0.656898,34505.2,0.021231
2,1698711261562,2023-10-31T00:14:21.562Z,,BTC/USDT,22,34516.29,0.044465,34505.19,0.004656
2,1698711261562,2023-10-31T00:14:21.562Z,,BTC/USDT,23,34516.76,0.028977,34504.89,0.56
2,1698711261562,2023-10-31T00:14:21.562Z,,BTC/USDT,24,34517.3,0.011186,34504.66,0.044728
2,1698711261562,2023-10-31T00:14:21.562Z,,BTC/USDT,25,34517.45,0.031076,34504.17,0.028977
2,1698711261562,2023-10-31T00:14:21.562Z,,BTC/USDT,26,34518.05,0.028978,34504.01,0.306207
2,1698711261562,2023-10-31T00:14:21.562Z,,BTC/USDT,27,34518.63,0.02749,34504.0,0.1407
2,1698711261562,2023-10-31T00:14:21.562Z,,BTC/USDT,28,34519.36,0.069499,34503.51,0.57
2,1698711261562,2023-10-31T00:14:21.562Z,,BTC/USDT,29,34519.37,0.115832,34503.46,0.001741
2,1698711261562,2023-10-31T00:14:21.562Z,,BTC/USDT,30,34520.0,0.083,34503.45,0.067352
2,1698711261562,2023-10-31T00:14:21.562Z,,BTC/USDT,31,34520.98,0.028992,34503.02,0.003482
2,1698711261562,2023-10-31T00:14:21.562Z,,BTC/USDT,32,34521.5,0.011611,34502.79,0.12
2,1698711261562,2023-10-31T00:14:21.562Z,,BTC/USDT,33,34521.79,6.2e-05,34502.67,0.079999
2,1698711261562,2023-10-31T00:14:21.562Z,,BTC/USDT,34,34521.91,0.062618,34502.66,0.028983
2,1698711261562,2023-10-31T00:14:21.562Z,,BTC/USDT,35,34521.92,0.104363,34502.49,0.084427
2,1698711261562,2023-10-31T00:14:21.562Z,,BTC/USDT,36,34522.69,0.029018,34502.47,0.014411
2,1698711261562,2023-10-31T00:14:21.562Z,,BTC/USDT,37,34523.0,0.467966,34502.22,0.12
2,1698711261562,2023-10-31T00:14:21.562Z,,BTC/USDT,38,34523.1,1.735777,34502.0,0.1407
2,1698711261562,2023-10-31T00:14:21.562Z,,BTC/USDT,39,34523.11,0.057932,34501.98,0.057
2,1698711261562,2023-10-31T00:14:21.562Z,,BTC/USDT,40,34523.3,2.9002,34501.97,0.079999
2,1698711261562,2023-10-31T00:14:21.562Z,,BTC/USDT,41,34523.57,1.159469,34501.29,0.342003
2,1698711261562,2023-10-31T00:14:21.562Z,,BTC/USDT,42,34523.95,0.015119,34501.28,0.57
2,1698711261562,2023-10-31T00:14:21.562Z,,BTC/USDT,43,34526.08,0.274093,34501.15,0.115894
2,1698711261562,2023-10-31T00:14:21.562Z,,BTC/USDT,44,34526.17,0.289525,34500.87,0.003
2,1698711261562,2023-10-31T00:14:21.562Z,,BTC/USDT,45,34526.77,0.456819,34500.08,0.079999
2,1698711261562,2023-10-31T00:14:21.562Z,,BTC/USDT,46,34527.4,0.3,34500.0,0.1407
2,1698711261562,2023-10-31T00:14:21.562Z,,BTC/USDT,47,34529.38,0.041283,34499.87,0.155795
2,1698711261562,2023-10-31T00:14:21.562Z,,BTC/USDT,48,34530.0,0.081,34499.52,0.044432
2,1698711261562,2023-10-31T00:14:21.562Z,,BTC/USDT,49,34530.71,6.4e-05,34499.46,0.031426
2,1698711261562,2023-10-31T00:14:21.562Z,,BTC/USDT,50,34531.15,0.010614,34499.39,0.109692
3,1698711261643,2023-10-31T00:14:21.643Z,,BTC/USDT,1,34509.15,0.12998,34509.14,1.787571
3,1698711261643,2023-10-31T00:14:21.643Z,,BTC/USDT,2,34509.39,0.022973,34508.79,0.007372
3,1698711261643,2023-10-31T00:14:21.643Z,,BTC/USDT,3,34510.0,0.2217,34508.57,0.12
3,1698711261643,2023-10-31T00:14:21.643Z,,BTC/USDT,4,34511.55,0.002878,34508.46,0.030122
3,1698711261643,2023-10-31T00:14:21.643Z,,BTC/USDT,5,34512.0,0.1407,34508.45,0.180144
3,1698711261643,2023-10-31T00:14:21.643Z,,BTC/USDT,6,34512.01,0.115857,34508.44,0.519718
3,1698711261643,2023-10-31T00:14:21.643Z,,BTC/USDT,7,34513.03,0.05,34508.43,0.115869
3,1698711261643,2023-10-31T00:14:21.643Z,,BTC/USDT,8,34513.19,0.000231,34508.0,0.1407
3,1698711261643,2023-10-31T00:14:21.643Z,,BTC/USDT,9,34513.2,0.342005,34507.88,0.12
3,1698711261643,2023-10-31T00:14:21.643Z,,BTC/USDT,10,34513.23,0.57,34507.76,0.166897
3,1698711261643,2023-10-31T00:14:21.643Z,,BTC/USDT,11,34513.82,0.03,34507.75,0.05
3,1698711261643,2023-10-31T00:14:21.643Z,,BTC/USDT,12,34514.0,0.1407,34507.28,0.028992
3,1698711261643,2023-10-31T00:14:21.643Z,,BTC/USDT,13,34514.48,0.162209,34507.22,0.023517
3,1698711261643,2023-10-31T00:14:21.643Z,,BTC/USDT,14,34514.49,0.342005,34506.23,0.101223
3,1698711261643,2023-10-31T00:14:21.643Z,,BTC/USDT,15,34514.66,0.072865,34506.22,0.168699
3,1698711261643,2023-10-31T00:14:21.643Z,,BTC/USDT,16,34514.67,0.003,34506.0,0.1407
3,1698711261643,2023-10-31T00:14:21.643Z,,BTC/USDT,17,34514.94,0.004915,34505.89,0.016556
3,1698711261643,2023-10-31T00:14:21.643Z,,BTC/USDT,18,34514.95,0.57,34505.57,0.08278
3,1698711261643,2023-10-31T00:14:21.643Z,,BTC/USDT,19,34515.2,0.014605,34505.56,0.088534
3,1698711261643,2023-10-31T00:14:21.643Z,,BTC/USDT,20,34515.71,0.022,34505.53,0.079999
3,1698711261643,2023-10-31T00:14:21.643Z,,BTC/USDT,21,34516.14,0.394141,34505.2,0.021231
3,1698711261643,2023-10-31T00:14:21.643Z,,BTC/USDT,22,34516.15,0.656898,34505.19,0.004656
3,1698711261643,2023-10-31T00:14:21.643Z,,BTC/USDT,23,34516.29,0.044465,34504.89,0.56
3,1698711261643,2023-10-31T00:14:21.643Z,,BTC/USDT,24,34516.76,0.028977,34504.66,0.044728
3,1698711261643,2023-10-31T00:14:21.643Z,,BTC/USDT,25,34517.3,0.011186,34504.17,0.028977
3,1698711261643,2023-10-31T00:14:21.643Z,,BTC/USDT,26,34517.45,0.031076,34504.01,0.306207
3,1698711261643,2023-10-31T00:14:21.643Z,,BTC/USDT,27,34518.05,0.028978,34504.0,0.1407
3,1698711261643,2023-10-31T00:14:21.643Z,,BTC/USDT,28,34518.63,0.02749,34503.51,0.57
3,1698711261643,2023-10-31T00:14:21.643Z,,BTC/USDT,29,34519.36,0.069499,34503.46,0.001741
3,1698711261643,2023-10-31T00:14:21.643Z,,BTC/USDT,30,34519.37,0.115832,34503.45,0.067352
3,1698711261643,2023-10-31T00:14:21.643Z,,BTC/USDT,31,34520.0,0.083,34503.02,0.003482
3,1698711261643,2023-10-31T00:14:21.643Z,,BTC/USDT,32,34520.98,0.028992,34502.79,0.12
3,1698711261643,2023-10-31T00:14:21.643Z,,BTC/USDT,33,34521.5,0.011611,34502.67,0.079999
3,1698711261643,2023-10-31T00:14:21.643Z,,BTC/USDT,34,34521.79,6.2e-05,34502.66,0.028983
3,1698711261643,2023-10-31T00:14:21.643Z,,BTC/USDT,35,34521.91,0.062618,34502.49,0.084427
3,1698711261643,2023-10-31T00:14:21.643Z,,BTC/USDT,36,34521.92,0.104363,34502.47,0.014411
3,1698711261643,2023-10-31T00:14:21.643Z,,BTC/USDT,37,34522.69,0.029018,34502.22,0.12
3,1698711261643,2023-10-31T00:14:21.643Z,,BTC/USDT,38,34523.0,0.467966,34502.0,0.1407
3,1698711261643,2023-10-31T00:14:21.643Z,,BTC/USDT,39,34523.1,1.735777,34501.98,0.057
3,1698711261643,2023-10-31T00:14:21.643Z,,BTC/USDT,40,34523.11,0.057932,34501.97,0.079999
3,1698711261643,2023-10-31T00:14:21.643Z,,BTC/USDT,41,34523.3,2.9002,34501.29,0.342003
3,1698711261643,2023-10-31T00:14:21.643Z,,BTC/USDT,42,34523.57,1.159469,34501.28,0.57
3,1698711261643,2023-10-31T00:14:21.643Z,,BTC/USDT,43,34523.95,0.015119,34501.15,0.115894
3,1698711261643,2023-10-31T00:14:21.643Z,,BTC/USDT,44,34526.08,0.274093,34500.87,0.003
3,1698711261643,2023-10-31T00:14:21.643Z,,BTC/USDT,45,34526.17,0.289525,34500.08,0.079999
3,1698711261643,2023-10-31T00:14:21.643Z,,BTC/USDT,46,34526.77,0.456819,34500.0,0.1407
3,1698711261643,2023-10-31T00:14:21.643Z,,BTC/USDT,47,34527.4,0.3,34499.87,0.155795
3,1698711261643,2023-10-31T00:14:21.643Z,,BTC/USDT,48,34529.38,0.041283,34499.52,0.044432
3,1698711261643,2023-10-31T00:14:21.643Z,,BTC/USDT,49,34530.0,0.081,34499.46,0.031426
3,1698711261643,2023-10-31T00:14:21.643Z,,BTC/USDT,50,34530.71,6.4e-05,34499.39,0.109692
4,1698711261683,2023-10-31T00:14:21.683Z,,BTC/USDT,1,34509.15,0.12998,34509.14,1.787571
4,1698711261683,2023-10-31T00:14:21.683Z,,BTC/USDT,2,34509.39,0.022973,34508.79,0.007372
4,1698711261683,2023-10-31T00:14:21.683Z,,BTC/USDT,3,34510.0,0.2217,34508.57,0.12
4,1698711261683,2023-10-31T00:14:21.683Z,,BTC/USDT,4,34511.55,0.002878,34508.46,0.030122
4,1698711261683,2023-10-31T00:14:21.683Z,,BTC/USDT,5,34512.0,0.1407,34508.45,0.180144
4,1698711261683,2023-10-31T00:14:21.683Z,,BTC/USDT,6,34512.01,0.115857,34508.44,0.519718
4,1698711261683,2023-10-31T00:14:21.683Z,,BTC/USDT,7,34513.03,0.05,34508.43,0.115869
4,1698711261683,2023-10-31T00:14:21.683Z,,BTC/USDT,8,34513.2,0.342005,34508.0,0.1407
4,1698711261683,2023-10-31T00:14:21.683Z,,BTC/USDT,9,34513.23,0.57,34507.88,0.12
4,1698711261683,2023-10-31T00:14:21.683Z,,BTC/USDT,10,34513.82,0.03,34507.76,0.166897
4,1698711261683,2023-10-31T00:14:21.683Z,,BTC/USDT,11,34514.0,0.1407,34507.75,0.05
4,1698711261683,2023-10-31T00:14:21.683Z,,BTC/USDT,12,34514.48,0.162209,34507.28,0.028992
4,1698711261683,2023-10-31T00:14:21.683Z,,BTC/USDT,13,34514.49,0.342005,34507.22,0.023517
4,1698711261683,2023-10-31T00:14:21.683Z,,BTC/USDT,14,34514.66,0.072865,34506.23,0.101223
4,1698711261683,2023-10-31T00:14:21.683Z,,BTC/USDT,15,34514.67,0.003,34506.22,0.168699
4,1698711261683,2023-10-31T00:14:21.683Z,,BTC/USDT,16,34514.94,0.004915,34506.0,0.1407
4,1698711261683,2023-10-31T00:14:21.683Z,,BTC/USDT,17,34514.95,0.57,34505.89,0.016556
4,1698711261683,2023-10-31T00:14:21.683Z,,BTC/USDT,18,34515.2,0.014605,34505.57,0.08278
4,1698711261683,2023-10-31T00:14:21.683Z,,BTC/USDT,19,34515.71,0.022,34505.56,0.088534
4,1698711261683,2023-10-31T00:14:21.683Z,,BTC/USDT,20,34516.14,0.394141,34505.53,0.079999
4,1698711261683,2023-10-31T00:14:21.683Z,,BTC/USDT,21,34516.15,0.656898,34505.2,0.021231
4,1698711261683,2023-10-31T00:14:21.683Z,,BTC/USDT,22,34516.29,0.044465,34505.19,0.004656
4,1698711261683,2023-10-31T00:14:21.683Z,,BTC/USDT,23,34516.76,0.028977,34504.89,0.56
4,1698711261683,2023-10-31T00:14:21.683Z,,BTC/USDT,24,34517.3,0.011186,34504.66,0.044728
4,1698711261683,2023-10-31T00:14:21.683Z,,BTC/USDT,25,34517.45,0.031076,34504.17,0.028977
4,1698711261683,2023-10-31T00:14:21.683Z,,BTC/USDT,26,34518.05,0.028978,34504.01,0.306207
4,1698711261683,2023-10-31T00:14:21.683Z,,BTC/USDT,27,34518.63,0.02749,34504.0,0.1407
4,1698711261683,2023-10-31T00:14:21.683Z,,BTC/USDT,28,34519.36,0.069499,34503.51,0.57
4,1698711261683,2023-10-31T00:14:21.683Z,,BTC/USDT,29,34519.37,0.115832,34503.46,0.001741
4,1698711261683,2023-10-31T00:14:21.683Z,,BTC/USDT,30,34520.0,0.083,34503.45,0.067352
4,1698711261683,2023-10-31T00:14:21.683Z,,BTC/USDT,31,34520.98,0.028992,34503.02,0.003482
4,1698711261683,2023-10-31T00:14:21.683Z,,BTC/USDT,32,34521.5,0.011611,34502.79,0.12
4,1698711261683,2023-10-31T00:14:21.683Z,,BTC/USDT,33,34521.79,6.2e-05,34502.67,0.079999
4,1698711261683,2023-10-31T00:14:21.683Z,,BTC/USDT,34,34521.91,0.062618,34502.66,0.028983
4,1698711261683,2023-10-31T00:14:21.683Z,,BTC/USDT,35,34521.92,0.104363,34502.49,0.084427
4,1698711261683,2023-10-31T00:14:21.683Z,,BTC/USDT,36,34522.69,0.029018,34502.47,0.014411
4,1698711261683,2023-10-31T00:14:21.683Z,,BTC/USDT,37,34523.0,0.467966,34502.22,0.12
4,1698711261683,2023-10-31T00:14:21.683Z,,BTC/USDT,38,34523.1,1.735777,34502.0,0.1407
4,1698711261683,2023-10-31T00:14:21.683Z,,BTC/USDT,39,34523.11,0.057932,34501.98,0.057
4,1698711261683,2023-10-31T00:14:21.683Z,,BTC/USDT,40,34523.3,2.9002,34501.97,0.079999
4,1698711261683,2023-10-31T00:14:21.683Z,,BTC/USDT,41,34523.57,1.159469,34501.29,0.342003
4,1698711261683,2023-10-31T00:14:21.683Z,,BTC/USDT,42,34523.95,0.015119,34501.28,0.57
4,1698711261683,2023-10-31T00:14:21.683Z,,BTC/USDT,43,34526.08,0.274093,34501.15,0.115894
4,1698711261683,2023-10-31T00:14:21.683Z,,BTC/USDT,44,34526.17,0.289525,34500.87,0.003
4,1698711261683,2023-10-31T00:14:21.683Z,,BTC/USDT,45,34526.77,0.456819,34500.08,0.079999
4,1698711261683,2023-10-31T00:14:21.683Z,,BTC/USDT,46,34527.4,0.3,34500.0,0.1407
4,1698711261683,2023-10-31T00:14:21.683Z,,BTC/USDT,47,34529.38,0.041283,34499.87,0.155795
4,1698711261683,2023-10-31T00:14:21.683Z,,BTC/USDT,48,34530.0,0.081,34499.52,0.044432
4,1698711261683,2023-10-31T00:14:21.683Z,,BTC/USDT,49,34530.71,6.4e-05,34499.46,0.031426
4,1698711261683,2023-10-31T00:14:21.683Z,,BTC/USDT,50,34531.15,0.010614,34499.39,0.109692
5,1698711261703,2023-10-31T00:14:21.703Z,,BTC/USDT,1,34509.15,0.12998,34509.14,1.787571
5,1698711261703,2023-10-31T00:14:21.703Z,,BTC/USDT,2,34509.39,0.022973,34508.79,0.007372
5,1698711261703,2023-10-31T00:14:21.703Z,,BTC/USDT,3,34510.0,0.2217,34508.57,0.12
5,1698711261703,2023-10-31T00:14:21.703Z,,BTC/USDT,4,34511.55,0.002878,34508.46,0.030122
5,1698711261703,2023-10-31T00:14:21.703Z,,BTC/USDT,5,34512.0,0.1407,34508.45,0.180144
5,1698711261703,2023-10-31T00:14:21.703Z,,BTC/USDT,6,34512.01,0.115857,34508.44,0.519718
5,1698711261703,2023-10-31T00:14:21.703Z,,BTC/USDT,7,34513.02,0.000231,34508.43,0.115869
5,1698711261703,2023-10-31T00:14:21.703Z,,BTC/USDT,8,34513.03,0.05,34508.0,0.1407
5,1698711261703,2023-10-31T00:14:21.703Z,,BTC/USDT,9,34513.2,0.342005,34507.88,0.12
5,1698711261703,2023-10-31T00:14:21.703Z,,BTC/USDT,10,34513.23,0.57,34507.76,0.166897
5,1698711261703,2023-10-31T00:14:21.703Z,,BTC/USDT,11,34513.82,0.03,34507.75,0.05
5,1698711261703,2023-10-31T00:14:21.703Z,,BTC/USDT,12,34514.0,0.1407,34507.28,0.028992
5,1698711261703,2023-10-31T00:14:21.703Z,,BTC/USDT,13,34514.48,0.162209,34507.22,0.023517
5,1698711261703,2023-10-31T00:14:21.703Z,,BTC/USDT,14,34514.49,0.342005,34506.23,0.101223
5,1698711261703,2023-10-31T00:14:21.703Z,,BTC/USDT,15,34514.66,0.072865,34506.22,0.168699
5,1698711261703,2023-10-31T00:14:21.703Z,,BTC/USDT,16,34514.67,0.003,34506.0,0.1407
5,1698711261703,2023-10-31T00:14:21.703Z,,BTC/USDT,17,34514.94,0.004915,34505.89,0.016556
5,1698711261703,2023-10-31T00:14:21.703Z,,BTC/USDT,18,34514.95,0.57,34505.57,0.08278
5,1698711261703,2023-10-31T00:14:21.703Z,,BTC/USDT,19,34515.2,0.014605,34505.56,0.088534
5,1698711261703,2023-10-31T00:14:21.703Z,,BTC/USDT,20,34515.71,0.022,34505.53,0.079999
5,1698711261703,2023-10-31T00:14:21.703Z,,BTC/USDT,21,34516.14,0.394141,34505.2,0.021231
5,1698711261703,2023-10-31T00:14:21.703Z,,BTC/USDT,22,34516.15,0.656898,34505.19,0.004656
5,1698711261703,2023-10-31T00:14:21.703Z,,BTC/USDT,23,34516.29,0.044465,34504.89,0.56
5,1698711261703,2023-10-31T00:14:21.703Z,,BTC/USDT,24,34516.76,0.028977,34504.66,0.044728
5,1698711261703,2023-10-31T00:14:21.703Z,,BTC/USDT,25,34517.3,0.011186,34504.17,0.028977
5,1698711261703,2023-10-31T00:14:21.703Z,,BTC/USDT,26,34517.45,0.031076,34504.01,0.306207
5,1698711261703,2023-10-31T00:14:21.703Z,,BTC/USDT,27,34518.05,0.028978,34504.0,0.1407
5,1698711261703,2023-10-31T00:14:21.703Z,,BTC/USDT,28,34518.63,0.02749,34503.51,0.57
5,1698711261703,2023-10-31T00:14:21.703Z,,BTC/USDT,29,34519.36,0.069499,34503.46,0.001741
5,1698711261703,2023-10-31T00:14:21.703Z,,BTC/USDT,30,34519.37,0.115832,34503.45,0.067352
5,1698711261703,2023-10-31T00:14:21.703Z,,BTC/USDT,31,34520.0,0.083,34503.02,0.003482
5,1698711261703,2023-10-31T00:14:21.703Z,,BTC/USDT,32,34520.98,0.028992,34502.79,0.12
5,1698711261703,2023-10-31T00:14:21.703Z,,BTC/USDT,33,34521.5,0.011611,34502.67,0.079999
5,1698711261703,2023-10-31T00:14:21.703Z,,BTC/USDT,34,34521.79,6.2e-05,34502.66,0.028983
5,1698711261703,2023-10-31T00:14:21.703Z,,BTC/USDT,35,34521.91,0.062618,34502.49,0.084427
5,1698711261703,2023-10-31T00:14:21.703Z,,BTC/USDT,36,34521.92,0.104363,34502.47,0.014411
5,1698711261703,2023-10-31T00:14:21.703Z,,BTC/USDT,37,34522.69,0.029018,34502.22,0.12
5,1698711261703,2023-10-31T00:14:21.703Z,,BTC/USDT,38,34523.0,0.467966,34502.0,0.1407
5,1698711261703,2023-10-31T00:14:21.703Z,,BTC/USDT,39,34523.1,1.735777,34501.98,0.057
5,1698711261703,2023-10-31T00:14:21.703Z,,BTC/USDT,40,34523.11,0.057932,34501.97,0.079999
5,1698711261703,2023-10-31T00:14:21.703Z,,BTC/USDT,41,34523.3,2.9002,34501.29,0.342003
5,1698711261703,2023-10-31T00:14:21.703Z,,BTC/USDT,42,34523.57,1.159469,34501.28,0.57
5,1698711261703,2023-10-31T00:14:21.703Z,,BTC/USDT,43,34523.95,0.015119,34501.15,0.115894
5,1698711261703,2023-10-31T00:14:21.703Z,,BTC/USDT,44,34526.08,0.274093,34500.87,0.003
5,1698711261703,2023-10-31T00:14:21.703Z,,BTC/USDT,45,34526.17,0.289525,34500.08,0.079999
5,1698711261703,2023-10-31T00:14:21.703Z,,BTC/USDT,46,34526.77,0.456819,34500.0,0.1407
5,1698711261703,2023-10-31T00:14:21.703Z,,BTC/USDT,47,34527.4,0.3,34499.87,0.155795
5,1698711261703,2023-10-31T00:14:21.703Z,,BTC/USDT,48,34529.38,0.041283,34499.52,0.044432
5,1698711261703,2023-10-31T00:14:21.703Z,,BTC/USDT,49,34530.0,0.081,34499.46,0.031426
5,1698711261703,2023-10-31T00:14:21.703Z,,BTC/USDT,50,34530.71,6.4e-05,34499.39,0.109692
6,1698711261723,2023-10-31T00:14:21.723Z,,BTC/USDT,1,34509.15,0.12998,34509.14,1.787571
6,1698711261723,2023-10-31T00:14:21.723Z,,BTC/USDT,2,34509.39,0.022973,34508.79,0.007372
6,1698711261723,2023-10-31T00:14:21.723Z,,BTC/USDT,3,34510.0,0.2217,34508.57,0.12
6,1698711261723,2023-10-31T00:14:21.723Z,,BTC/USDT,4,34511.55,0.002878,34508.5,0.115869
6,1698711261723,2023-10-31T00:14:21.723Z,,BTC/USDT,5,34512.0,0.1407,34508.46,0.030122
6,1698711261723,2023-10-31T00:14:21.723Z,,BTC/USDT,6,34513.02,0.000231,34508.45,0.180144
6,1698711261723,2023-10-31T00:14:21.723Z,,BTC/USDT,7,34513.03,0.05,34508.44,0.519718
6,1698711261723,2023-10-31T00:14:21.723Z,,BTC/USDT,8,34513.2,0.342005,34508.0,0.1407
6,1698711261723,2023-10-31T00:14:21.723Z,,BTC/USDT,9,34513.23,0.57,34507.88,0.12
6,1698711261723,2023-10-31T00:14:21.723Z,,BTC/USDT,10,34513.82,0.03,34507.76,0.166897
6,1698711261723,2023-10-31T00:14:21.723Z,,BTC/USDT,11,34514.0,0.1407,34507.75,0.05
6,1698711261723,2023-10-31T00:14:21.723Z,,BTC/USDT,12,34514.48,0.162209,34507.28,0.028992
6,1698711261723,2023-10-31T00:14:21.723Z,,BTC/USDT,13,34514.49,0.342005,34507.22,0.023517
6,1698711261723,2023-10-31T00:14:21.723Z,,BTC/USDT,14,34514.66,0.072865,34506.23,0.101223
6,1698711261723,2023-10-31T00:14:21.723Z,,BTC/USDT,15,34514.67,0.003,34506.22,0.168699
6,1698711261723,2023-10-31T00:14:21.723Z,,BTC/USDT,16,34514.94,0.004915,34506.0,0.1407
6,1698711261723,2023-10-31T00:14:21.723Z,,BTC/USDT,17,34514.95,0.57,34505.89,0.016556
6,1698711261723,2023-10-31T00:14:21.723Z,,BTC/USDT,18,34515.2,0.014605,34505.57,0.08278
6,1698711261723,2023-10-31T00:14:21.723Z,,BTC/USDT,19,34515.71,0.022,34505.56,0.088534
6,1698711261723,2023-10-31T00:14:21.723Z,,BTC/USDT,20,34516.14,0.394141,34505.53,0.079999
6,1698711261723,2023-10-31T00:14:21.723Z,,BTC/USDT,21,34516.15,0.656898,34505.2,0.021231
6,1698711261723,2023-10-31T00:14:21.723Z,,BTC/USDT,22,34516.29,0.044465,34505.19,0.004656
6,1698711261723,2023-10-31T00:14:21.723Z,,BTC/USDT,23,34516.76,0.028977,34504.89,0.56
6,1698711261723,2023-10-31T00:14:21.723Z,,BTC/USDT,24,34517.3,0.011186,34504.66,0.044728
6,1698711261723,2023-10-31T00:14:21.723Z,,BTC/USDT,25,34517.45,0.031076,34504.17,0.028977
6,1698711261723,2023-10-31T00:14:21.723Z,,BTC/USDT,26,34518.05,0.028978,34504.01,0.306207
6,1698711261723,2023-10-31T00:14:21.723Z,,BTC/USDT,27,34518.63,0.02749,34504.0,0.1407
6,1698711261723,2023-10-31T00:14:21.723Z,,BTC/USDT,28,34519.36,0.069499,34503.51,0.57
6,1698711261723,2023-10-31T00:14:21.723Z,,BTC/USDT,29,34519.37,0.115832,34503.46,0.001741
6,1698711261723,2023-10-31T00:14:21.723Z,,BTC/USDT,30,34520.0,0.083,34503.45,0.067352
6,1698711261723,2023-10-31T00:14:21.723Z,,BTC/USDT,31,34520.98,0.028992,34503.02,0.003482
6,1698711261723,2023-10-31T00:14:21.723Z,,BTC/USDT,32,34521.5,0.011611,34502.79,0.12
6,1698711261723,2023-10-31T00:14:21.723Z,,BTC/USDT,33,34521.79,6.2e-05,34502.67,0.079999
6,1698711261723,2023-10-31T00:14:21.723Z,,BTC/USDT,34,34521.91,0.062618,34502.66,0.028983
6,1698711261723,2023-10-31T00:14:21.723Z,,BTC/USDT,35,34521.92,0.104363,34502.49,0.084427
6,1698711261723,2023-10-31T00:14:21.723Z,,BTC/USDT,36,34522.69,0.029018,34502.47,0.014411
6,1698711261723,2023-10-31T00:14:21.723Z,,BTC/USDT,37,34523.0,0.467966,34502.22,0.12
6,1698711261723,2023-10-31T00:14:21.723Z,,BTC/USDT,38,34523.1,1.735777,34502.0,0.1407
6,1698711261723,2023-10-31T00:14:21.723Z,,BTC/USDT,39,34523.11,0.057932,34501.98,0.057
6,1698711261723,2023-10-31T00:14:21.723Z,,BTC/USDT,40,34523.3,2.9002,34501.97,0.079999
6,1698711261723,2023-10-31T00:14:21.723Z,,BTC/USDT,41,34523.57,1.159469,34501.29,0.342003
6,1698711261723,2023-10-31T00:14:21.723Z,,BTC/USDT,42,34523.95,0.015119,34501.28,0.57
6,1698711261723,2023-10-31T00:14:21.723Z,,BTC/USDT,43,34526.08,0.274093,34501.15,0.115894
6,1698711261723,2023-10-31T00:14:21.723Z,,BTC/USDT,44,34526.17,0.289525,34500.87,0.003
6,1698711261723,2023-10-31T00:14:21.723Z,,BTC/USDT,45,34526.77,0.456819,34500.08,0.079999
6,1698711261723,2023-10-31T00:14:21.723Z,,BTC/USDT,46,34527.4,0.3,34500.0,0.1407
6,1698711261723,2023-10-31T00:14:21.723Z,,BTC/USDT,47,34529.38,0.041283,34499.87,0.155795
6,1698711261723,2023-10-31T00:14:21.723Z,,BTC/USDT,48,34530.0,0.081,34499.52,0.044432
6,1698711261723,2023-10-31T00:14:21.723Z,,BTC/USDT,49,34530.71,6.4e-05,34499.46,0.031426
6,1698711261723,2023-10-31T00:14:21.723Z,,BTC/USDT,50,34531.15,0.010614,34499.39,0.109692
7,1698711261743,2023-10-31T00:14:21.743Z,,BTC/USDT,1,34509.15,0.12998,34509.14,1.787571
7,1698711261743,2023-10-31T00:14:21.743Z,,BTC/USDT,2,34509.39,0.022973,34508.79,0.007372
7,1698711261743,2023-10-31T00:14:21.743Z,,BTC/USDT,3,34510.0,0.2217,34508.57,0.12
7,1698711261743,2023-10-31T00:14:21.743Z,,BTC/USDT,4,34511.55,0.002878,34508.46,0.030122
7,1698711261743,2023-10-31T00:14:21.743Z,,BTC/USDT,5,34512.0,0.1407,34508.45,0.180144
7,1698711261743,2023-10-31T00:14:21.743Z,,BTC/USDT,6,34513.03,0.05,34508.44,0.519718
7,1698711261743,2023-10-31T00:14:21.743Z,,BTC/USDT,7,34513.2,0.342005,34508.0,0.1407
7,1698711261743,2023-10-31T00:14:21.743Z,,BTC/USDT,8,34513.23,0.57,34507.88,0.12
7,1698711261743,2023-10-31T00:14:21.743Z,,BTC/USDT,9,34513.82,0.03,34507.76,0.166897
7,1698711261743,2023-10-31T00:14:21.743Z,,BTC/USDT,10,34514.0,0.1407,34507.75,0.05
7,1698711261743,2023-10-31T00:14:21.743Z,,BTC/USDT,11,34514.48,0.162209,34507.28,0.028992
7,1698711261743,2023-10-31T00:14:21.743Z,,BTC/USDT,12,34514.49,0.342005,34507.22,0.023517
7,1698711261743,2023-10-31T00:14:21.743Z,,BTC/USDT,13,34514.66,0.072865,34506.23,0.101223
7,1698711261743,2023-10-31T00:14:21.743Z,,BTC/USDT,14,34514.67,0.003,34506.22,0.168699
7,1698711261743,2023-10-31T00:14:21.743Z,,BTC/USDT,15,34514.94,0.004915,34506.0,0.1407
7,1698711261743,2023-10-31T00:14:21.743Z,,BTC/USDT,16,34514.95,0.57,34505.89,0.016556
7,1698711261743,2023-10-31T00:14:21.743Z,,BTC/USDT,17,34515.2,0.014605,34505.57,0.08278
7,1698711261743,2023-10-31T00:14:21.743Z,,BTC/USDT,18,34515.71,0.022,34505.56,0.088534
7,1698711261743,2023-10-31T00:14:21.743Z,,BTC/USDT,19,34516.14,0.394141,34505.53,0.079999
7,1698711261743,2023-10-31T00:14:21.743Z,,BTC/USDT,20,34516.15,0.656898,34505.2,0.021231
7,1698711261743,2023-10-31T00:14:21.743Z,,BTC/USDT,21,34516.29,0.044465,34505.19,0.004656
7,1698711261743,2023-10-31T00:14:21.743Z,,BTC/USDT,22,34516.76,0.028977,34504.89,0.56
7,1698711261743,2023-10-31T00:14:21.743Z,,BTC/USDT,23,34517.3,0.011186,34504.66,0.044728
7,1698711261743,2023-10-31T00:14:21.743Z,,BTC/USDT,24,34517.45,0.031076,34504.17,0.028977
7,1698711261743,2023-10-31T00:14:21.743Z,,BTC/USDT,25,34518.05,0.028978,34504.01,0.306207
7,1698711261743,2023-10-31T00:14:21.743Z,,BTC/USDT,26,34518.63,0.02749,34504.0,0.1407
7,1698711261743,2023-10-31T00:14:21.743Z,,BTC/USDT,27,34519.36,0.069499,34503.51,0.57
7,1698711261743,2023-10-31T00:14:21.743Z,,BTC/USDT,28,34519.37,0.115832,34503.46,0.001741
7,1698711261743,2023-10-31T00:14:21.743Z,,BTC/USDT,29,34520.0,0.083,34503.45,0.067352
7,1698711261743,2023-10-31T00:14:21.743Z,,BTC/USDT,30,34520.98,0.028992,34503.02,0.003482
7,1698711261743,2023-10-31T00:14:21.743Z,,BTC/USDT,31,34521.5,0.011611,34502.79,0.12
7,1698711261743,2023-10-31T00:14:21.743Z,,BTC/USDT,32,34521.79,6.2e-05,34502.67,0.079999
7,1698711261743,2023-10-31T00:14:21.743Z,,BTC/USDT,33,34521.91,0.062618,34502.66,0.028983
7,1698711261743,2023-10-31T00:14:21.743Z,,BTC/USDT,34,34521.92,0.104363,34502.49,0.084427
7,1698711261743,2023-10-31T00:14:21.743Z,,BTC/USDT,35,34522.69,0.029018,34502.47,0.014411
7,1698711261743,2023-10-31T00:14:21.743Z,,BTC/USDT,36,34523.0,0.467966,34502.22,0.12
7,1698711261743,2023-10-31T00:14:21.743Z,,BTC/USDT,37,34523.1,1.735777,34502.0,0.1407
7,1698711261743,2023-10-31T00:14:21.743Z,,BTC/USDT,38,34523.11,0.057932,34501.98,0.057
7,1698711261743,2023-10-31T00:14:21.743Z,,BTC/USDT,39,34523.3,2.9002,34501.97,0.079999
7,1698711261743,2023-10-31T00:14:21.743Z,,BTC/USDT,40,34523.57,1.159469,34501.29,0.342003
7,1698711261743,2023-10-31T00:14:21.743Z,,BTC/USDT,41,34523.95,0.015119,34501.28,0.57
7,1698711261743,2023-10-31T00:14:21.743Z,,BTC/USDT,42,34526.08,0.274093,34501.15,0.115894
7,1698711261743,2023-10-31T00:14:21.743Z,,BTC/USDT,43,34526.17,0.289525,34500.87,0.003
7,1698711261743,2023-10-31T00:14:21.743Z,,BTC/USDT,44,34526.77,0.456819,34500.08,0.079999
7,1698711261743,2023-10-31T00:14:21.743Z,,BTC/USDT,45,34527.4,0.3,34500.0,0.1407
7,1698711261743,2023-10-31T00:14:21.743Z,,BTC/USDT,46,34529.38,0.041283,34499.87,0.155795
7,1698711261743,2023-10-31T00:14:21.743Z,,BTC/USDT,47,34530.0,0.081,34499.52,0.044432
7,1698711261743,2023-10-31T00:14:21.743Z,,BTC/USDT,48,34530.71,6.4e-05,34499.46,0.031426
7,1698711261743,2023-10-31T00:14:21.743Z,,BTC/USDT,49,34531.15,0.010614,34499.39,0.109692
7,1698711261743,2023-10-31T00:14:21.743Z,,BTC/USDT,50,34531.98,0.382487,34498.91,0.011558
8,1698711261783,2023-10-31T00:14:21.783Z,,BTC/USDT,1,34509.15,0.12998,34509.14,1.787571
8,1698711261783,2023-10-31T00:14:21.783Z,,BTC/USDT,2,34509.39,0.022973,34508.79,0.007372
8,1698711261783,2023-10-31T00:14:21.783Z,,BTC/USDT,3,34510.0,0.2217,34508.57,0.12
8,1698711261783,2023-10-31T00:14:21.783Z,,BTC/USDT,4,34511.54,0.000231,34508.46,0.030122
8,1698711261783,2023-10-31T00:14:21.783Z,,BTC/USDT,5,34511.55,0.002878,34508.45,0.180144
8,1698711261783,2023-10-31T00:14:21.783Z,,BTC/USDT,6,34512.0,0.1407,34508.44,0.519718
8,1698711261783,2023-10-31T00:14:21.783Z,,BTC/USDT,7,34513.03,0.05,34508.0,0.1407
8,1698711261783,2023-10-31T00:14:21.783Z,,BTC/USDT,8,34513.2,0.342005,34507.88,0.12
8,1698711261783,2023-10-31T00:14:21.783Z,,BTC/USDT,9,34513.23,0.57,34507.76,0.166897
8,1698711261783,2023-10-31T00:14:21.783Z,,BTC/USDT,10,34513.82,0.03,34507.75,0.05
8,1698711261783,2023-10-31T00:14:21.783Z,,BTC/USDT,11,34514.0,0.1407,34507.28,0.028992
8,1698711261783,2023-10-31T00:14:21.783Z,,BTC/USDT,12,34514.48,0.162209,34507.22,0.023517
8,1698711261783,2023-10-31T00:14:21.783Z,,BTC/USDT,13,34514.49,0.342005,34506.23,0.101223
8,1698711261783,2023-10-31T00:14:21.783Z,,BTC/USDT,14,34514.66,0.072865,34506.22,0.168699
8,1698711261783,2023-10-31T00:14:21.783Z,,BTC/USDT,15,34514.67,0.003,34506.0,0.1407
8,1698711261783,2023-10-31T00:14:21.783Z,,BTC/USDT,16,34514.94,0.004915,34505.89,0.016556
8,1698711261783,2023-10-31T00:14:21.783Z,,BTC/USDT,17,34514.95,0.57,34505.57,0.08278
8,1698711261783,2023-10-31T00:14:21.783Z,,BTC/USDT,18,34515.2,0.014605,34505.56,0.088534
8,1698711261783,2023-10-31T00:14:21.783Z,,BTC/USDT,19,34515.71,0.022,34505.53,0.079999
8,1698711261783,2023-10-31T00:14:21.783Z,,BTC/USDT,20,34516.14,0.394141,34505.2,0.021231
8,1698711261783,2023-10-31T00:14:21.783Z,,BTC/USDT,21,34516.15,0.656898,34505.19,0.004656
8,1698711261783,2023-10-31T00:14:21.783Z,,BTC/USDT,22,34516.29,0.044465,34504.89,0.56
8,1698711261783,2023-10-31T00:14:21.783Z,,BTC/USDT,23,34516.76,0.028977,34504.66,0.044728
8,1698711261783,2023-10-31T00:14:21.783Z,,BTC/USDT,24,34517.3,0.011186,34504.17,0.028977
8,1698711261783,2023-10-31T00:14:21.783Z,,BTC/USDT,25,34517.45,0.031076,34504.01,0.306207
8,1698711261783,2023-10-31T00:14:21.783Z,,BTC/USDT,26,34518.05,0.028978,34504.0,0.1407
8,1698711261783,2023-10-31T00:14:21.783Z,,BTC/USDT,27,34518.63,0.02749,34503.51,0.57
8,1698711261783,2023-10-31T00:14:21.783Z,,BTC/USDT,28,34519.36,0.069499,34503.46,0.001741
8,1698711261783,2023-10-31T00:14:21.783Z,,BTC/USDT,29,34519.37,0.115832,34503.45,0.067352
8,1698711261783,2023-10-31T00:14:21.783Z,,BTC/USDT,30,34520.0,0.083,34503.02,0.003482
8,1698711261783,2023-10-31T00:14:21.783Z,,BTC/USDT,31,34520.98,0.028992,34502.79,0.12
8,1698711261783,2023-10-31T00:14:21.783Z,,BTC/USDT,32,34521.5,0.011611,34502.67,0.079999
8,1698711261783,2023-10-31T00:14:21.783Z,,BTC/USDT,33,34521.79,6.2e-05,34502.66,0.028983
8,1698711261783,2023-10-31T00:14:21.783Z,,BTC/USDT,34,34521.91,0.062618,34502.49,0.084427
8,1698711261783,2023-10-31T00:14:21.783Z,,BTC/USDT,35,34521.92,0.104363,34502.47,0.014411
8,1698711261783,2023-10-31T00:14:21.783Z,,BTC/USDT,36,34522.69,0.029018,34502.22,0.12
8,1698711261783,2023-10-31T00:14:21.783Z,,BTC/USDT,37,34523.0,0.467966,34502.0,0.1407
8,1698711261783,2023-10-31T00:14:21.783Z,,BTC/USDT,38,34523.1,1.735777,34501.98,0.057
8,1698711261783,2023-10-31T00:14:21.783Z,,BTC/USDT,39,34523.11,0.057932,34501.97,0.079999
8,1698711261783,2023-10-31T00:14:21.783Z,,BTC/USDT,40,34523.3,2.9002,34501.29,0.342003
8,1698711261783,2023-10-31T00:14:21.783Z,,BTC/USDT,41,34523.57,1.159469,34501.28,0.57
8,1698711261783,2023-10-31T00:14:21.783Z,,BTC/USDT,42,34523.95,0.015119,34501.15,0.115894
8,1698711261783,2023-10-31T00:14:21.783Z,,BTC/USDT,43,34526.08,0.274093,34500.87,0.003
8,1698711261783,2023-10-31T00:14:21.783Z,,BTC/USDT,44,34526.17,0.289525,34500.08,0.079999
8,1698711261783,2023-10-31T00:14:21.783Z,,BTC/USDT,45,34526.77,0.456819,34500.0,0.1407
8,1698711261783,2023-10-31T00:14:21.783Z,,BTC/USDT,46,34527.4,0.3,34499.87,0.155795
8,1698711261783,2023-10-31T00:14:21.783Z,,BTC/USDT,47,34529.38,0.041283,34499.52,0.044432
8,1698711261783,2023-10-31T00:14:21.783Z,,BTC/USDT,48,34530.0,0.081,34499.46,0.031426
8,1698711261783,2023-10-31T00:14:21.783Z,,BTC/USDT,49,34530.71,6.4e-05,34499.39,0.109692
8,1698711261783,2023-10-31T00:14:21.783Z,,BTC/USDT,50,34531.15,0.010614,34498.91,0.011558
9,1698711261803,2023-10-31T00:14:21.803Z,,BTC/USDT,1,34509.15,0.12998,34509.14,1.787571
9,1698711261803,2023-10-31T00:14:21.803Z,,BTC/USDT,2,34509.39,0.022973,34508.79,0.007372
9,1698711261803,2023-10-31T00:14:21.803Z,,BTC/USDT,3,34510.0,0.2217,34508.57,0.12
9,1698711261803,2023-10-31T00:14:21.803Z,,BTC/USDT,4,34511.55,0.002878,34508.46,0.030122
9,1698711261803,2023-10-31T00:14:21.803Z,,BTC/USDT,5,34511.85,0.115858,34508.45,0.180144
9,1698711261803,2023-10-31T00:14:21.803Z,,BTC/USDT,6,34511.99,0.000231,34508.44,0.519718
9,1698711261803,2023-10-31T00:14:21.803Z,,BTC/USDT,7,34512.0,0.1407,34508.0,0.1407
9,1698711261803,2023-10-31T00:14:21.803Z,,BTC/USDT,8,34513.03,0.05,34507.88,0.12
9,1698711261803,2023-10-31T00:14:21.803Z,,BTC/USDT,9,34513.2,0.342005,34507.76,0.166897
9,1698711261803,2023-10-31T00:14:21.803Z,,BTC/USDT,10,34513.23,0.57,34507.75,0.05
9,1698711261803,2023-10-31T00:14:21.803Z,,BTC/USDT,11,34513.82,0.03,34507.28,0.028992
9,1698711261803,2023-10-31T00:14:21.803Z,,BTC/USDT,12,34514.0,0.1407,34507.22,0.023517
9,1698711261803,2023-10-31T00:14:21.803Z,,BTC/USDT,13,34514.48,0.162209,34506.23,0.101223
9,1698711261803,2023-10-31T00:14:21.803Z,,BTC/USDT,14,34514.49,0.342005,34506.22,0.168699
9,1698711261803,2023-10-31T00:14:21.803Z,,BTC/USDT,15,34514.66,0.072865,34506.0,0.1407
9,1698711261803,2023-10-31T00:14:21.803Z,,BTC/USDT,16,34514.67,0.003,34505.89,0.016556
9,1698711261803,2023-10-31T00:14:21.803Z,,BTC/USDT,17,34514.94,0.004915,34505.57,0.08278
9,1698711261803,2023-10-31T00:14:21.803Z,,BTC/USDT,18,34514.95,0.57,34505.56,0.088534
9,1698711261803,2023-10-31T00:14:21.803Z,,BTC/USDT,19,34515.2,0.014605,34505.53,0.079999
9,1698711261803,2023-10-31T00:14:21.803Z,,BTC/USDT,20,34515.71,0.022,34505.2,0.021231
9,1698711261803,2023-10-31T00:14:21.803Z,,BTC/USDT,21,34516.14,0.394141,34505.19,0.004656
9,1698711261803,2023-10-31T00:14:21.803Z,,BTC/USDT,22,34516.15,0.656898,34504.89,0.56
9,1698711261803,2023-10-31T00:14:21.803Z,,BTC/USDT,23,34516.29,0.044465,34504.66,0.044728
9,1698711261803,2023-10-31T00:14:21.803Z,,BTC/USDT,24,34516.76,0.028977,34504.17,0.028977
9,1698711261803,2023-10-31T00:14:21.803Z,,BTC/USDT,25,34517.3,0.011186,34504.01,0.306207
9,1698711261803,2023-10-31T00:14:21.803Z,,BTC/USDT,26,34517.45,0.031076,34504.0,0.1407
9,1698711261803,2023-10-31T00:14:21.803Z,,BTC/USDT,27,34518.05,0.028978,34503.51,0.57
9,1698711261803,2023-10-31T00:14:21.803Z,,BTC/USDT,28,34518.63,0.02749,34503.46,0.001741
9,1698711261803,2023-10-31T00:14:21.803Z,,BTC/USDT,29,34519.36,0.069499,34503.45,0.067352
9,1698711261803,2023-10-31T00:14:21.803Z,,BTC/USDT,30,34519.37,0.115832,34503.02,0.003482
9,1698711261803,2023-10-31T00:14:21.803Z,,BTC/USDT,31,34520.0,0.083,34502.79,0.12
9,1698711261803,2023-10-31T00:14:21.803Z,,BTC/USDT,32,34520.98,0.028992,34502.67,0.079999
9,1698711261803,2023-10-31T00:14:21.803Z,,BTC/USDT,33,34521.5,0.011611,34502.66,0.028983
9,1698711261803,2023-10-31T00:14:21.803Z,,BTC/USDT,34,34521.79,6.2e-05,34502.49,0.084427
9,1698711261803,2023-10-31T00:14:21.803Z,,BTC/USDT,35,34521.91,0.062618,34502.47,0.014411
9,1698711261803,2023-10-31T00:14:21.803Z,,BTC/USDT,36,34521.92,0.104363,34502.22,0.12
9,1698711261803,2023-10-31T00:14:21.803Z,,BTC/USDT,37,34522.69,0.029018,34502.0,0.1407
9,1698711261803,2023-10-31T00:14:21.803Z,,BTC/USDT,38,34523.0,0.467966,34501.98,0.057
9,1698711261803,2023-10-31T00:14:21.803Z,,BTC/USDT,39,34523.1,1.735777,34501.97,0.079999
9,1698711261803,2023-10-31T00:14:21.803Z,,BTC/USDT,40,34523.11,0.057932,34501.29,0.342003
9,1698711261803,2023-10-31T00:14:21.803Z,,BTC/USDT,41,34523.3,2.9002,34501.28,0.57
9,1698711261803,2023-10-31T00:14:21.803Z,,BTC/USDT,42,34523.57,1.159469,34501.15,0.115894
9,1698711261803,2023-10-31T00:14:21.803Z,,BTC/USDT,43,34523.95,0.015119,34500.87,0.003
9,1698711261803,2023-10-31T00:14:21.803Z,,BTC/USDT,44,34526.08,0.274093,34500.08,0.079999
9,1698711261803,2023-10-31T00:14:21.803Z,,BTC/USDT,45,34526.17,0.289525,34500.0,0.1407
9,1698711261803,2023-10-31T00:14:21.803Z,,BTC/USDT,46,34526.77,0.456819,34499.87,0.155795
9,1698711261803,2023-10-31T00:14:21.803Z,,BTC/USDT,47,34527.4,0.3,34499.52,0.044432
9,1698711261803,2023-10-31T00:14:21.803Z,,BTC/USDT,48,34529.38,0.041283,34499.46,0.031426
9,1698711261803,2023-10-31T00:14:21.803Z,,BTC/USDT,49,34530.0,0.081,34499.39,0.109692
9,1698711261803,2023-10-31T00:14:21.803Z,,BTC/USDT,50,34530.71,6.4e-05,34498.91,0.011558
10,1698711261823,2023-10-31T00:14:21.823Z,,BTC/USDT,1,34509.15,0.12998,34509.14,1.787571
10,1698711261823,2023-10-31T00:14:21.823Z,,BTC/USDT,2,34509.39,0.022973,34508.79,0.007372
10,1698711261823,2023-10-31T00:14:21.823Z,,BTC/USDT,3,34510.0,0.2217,34508.57,0.12
10,1698711261823,2023-10-31T00:14:21.823Z,,BTC/USDT,4,34511.54,0.000231,34508.46,0.030122
10,1698711261823,2023-10-31T00:14:21.823Z,,BTC/USDT,5,34511.55,0.002878,34508.45,0.180144
10,1698711261823,2023-10-31T00:14:21.823Z,,BTC/USDT,6,34511.85,0.115858,34508.44,0.519718
10,1698711261823,2023-10-31T00:14:21.823Z,,BTC/USDT,7,34512.0,0.1407,34508.0,0.1407
10,1698711261823,2023-10-31T00:14:21.823Z,,BTC/USDT,8,34513.03,0.05,34507.88,0.12
10,1698711261823,2023-10-31T00:14:21.823Z,,BTC/USDT,9,34513.2,0.342005,34507.76,0.166897
10,1698711261823,2023-10-31T00:14:21.823Z,,BTC/USDT,10,34513.23,0.57,34507.75,0.05
10,1698711261823,2023-10-31T00:14:21.823Z,,BTC/USDT,11,34513.82,0.03,34507.28,0.028992
10,1698711261823,2023-10-31T00:14:21.823Z,,BTC/USDT,12,34514.0,0.1407,34507.22,0.023517
10,1698711261823,2023-10-31T00:14:21.823Z,,BTC/USDT,13,34514.48,0.162209,34506.23,0.101223
10,1698711261823,2023-10-31T00:14:21.823Z,,BTC/USDT,14,34514.49,0.342005,34506.22,0.168699
10,1698711261823,2023-10-31T00:14:21.823Z,,BTC/USDT,15,34514.66,0.072865,34506.0,0.1407
10,1698711261823,2023-10-31T00:14:21.823Z,,BTC/USDT,16,34514.67,0.003,34505.89,0.016556
10,1698711261823,2023-10-31T00:14:21.823Z,,BTC/USDT,17,34514.94,0.004915,34505.57,0.08278
10,1698711261823,2023-10-31T00:14:21.823Z,,BTC/USDT,18,34514.95,0.57,34505.56,0.088534
10,1698711261823,2023-10-31T00:14:21.823Z,,BTC/USDT,19,34515.2,0.014605,34505.53,0.079999
10,1698711261823,2023-10-31T00:14:21.823Z,,BTC/USDT,20,34515.71,0.022,34505.2,0.021231
10,1698711261823,2023-10-31T00:14:21.823Z,,BTC/USDT,21,34515.99,0.1,34505.19,0.004656
10,1698711261823,2023-10-31T00:14:21.823Z,,BTC/USDT,22,34516.14,0.394141,34504.89,0.56
10,1698711261823,2023-10-31T00:14:21.823Z,,BTC/USDT,23,34516.15,0.656898,34504.66,0.044728
10,1698711261823,2023-10-31T00:14:21.823Z,,BTC/USDT,24,34516.29,0.044465,34504.17,0.028977
10,1698711261823,2023-10-31T00:14:21.823Z,,BTC/USDT,25,34516.76,0.028977,34504.01,0.306207
10,1698711261823,2023-10-31T00:14:21.823Z,,BTC/USDT,26,34517.3,0.011186,34504.0,0.1407
10,1698711261823,2023-10-31T00:14:21.823Z,,BTC/USDT,27,34517.45,0.031076,34503.51,0.57
10,1698711261823,2023-10-31T00:14:21.823Z,,BTC/USDT,28,34518.05,0.028978,34503.46,0.001741
10,1698711261823,2023-10-31T00:14:21.823Z,,BTC/USDT,29,34518.63,0.02749,34503.45,0.067352
10,1698711261823,2023-10-31T00:14:21.823Z,,BTC/USDT,30,34519.36,0.069499,34503.02,0.003482
10,1698711261823,2023-10-31T00:14:21.823Z,,BTC/USDT,31,34519.37,0.115832,34502.79,0.12
10,1698711261823,2023-10-31T00:14:21.823Z,,BTC/USDT,32,34520.0,0.083,34502.67,0.079999
10,1698711261823,2023-10-31T00:14:21.823Z,,BTC/USDT,33,34520.98,0.028992,34502.66,0.028983
10,1698711261823,2023-10-31T00:14:21.823Z,,BTC/USDT,34,34521.5,0.011611,34502.49,0.084427
10,1698711261823,2023-10-31T00:14:21.823Z,,BTC/USDT,35,34521.79,6.2e-05,34502.47,0.014411
10,1698711261823,2023-10-31T00:14:21.823Z,,BTC/USDT,36,34521.91,0.062618,34502.22,0.12
10,1698711261823,2023-10-31T00:14:21.823Z,,BTC/USDT,37,34521.92,0.104363,34502.0,0.1407
10,1698711261823,2023-10-31T00:14:21.823Z,,BTC/USDT,38,34522.69,0.029018,34501.98,0.057
10,1698711261823,2023-10-31T00:14:21.823Z,,BTC/USDT,39,34523.0,0.467966,34501.97,0.079999
10,1698711261823,2023-10-31T00:14:21.823Z,,BTC/USDT,40,34523.1,1.735777,34501.29,0.342003
10,1698711261823,2023-10-31T00:14:21.823Z,,BTC/USDT,41,34523.11,0.057932,34501.28,0.57
10,1698711261823,2023-10-31T00:14:21.823Z,,BTC/USDT,42,34523.3,2.9002,34501.15,0.115894
10,1698711261823,2023-10-31T00:14:21.823Z,,BTC/USDT,43,34523.57,1.159469,34500.87,0.003
10,1698711261823,2023-10-31T00:14:21.823Z,,BTC/USDT,44,34523.95,0.015119,34500.08,0.079999
10,1698711261823,2023-10-31T00:14:21.823Z,,BTC/USDT,45,34526.08,0.274093,34500.0,0.1407
10,1698711261823,2023-10-31T00:14:21.823Z,,BTC/USDT,46,34526.17,0.289525,34499.87,0.155795
10,1698711261823,2023-10-31T00:14:21.823Z,,BTC/USDT,47,34526.77,0.456819,34499.52,0.044432
10,1698711261823,2023-10-31T00:14:21.823Z,,BTC/USDT,48,34527.4,0.3,34499.46,0.031426
10,1698711261823,2023-10-31T00:14:21.823Z,,BTC/USDT,49,34529.38,0.041283,34499.39,0.109692
10,1698711261823,2023-10-31T00:14:21.823Z,,BTC/USDT,50,34530.0,0.081,34498.91,0.011558
11,1698711261862,2023-10-31T00:14:21.862Z,,BTC/USDT,1,34509.15,0.12998,34509.14,1.787571
11,1698711261862,2023-10-31T00:14:21.862Z,,BTC/USDT,2,34509.39,0.022973,34508.79,0.007372
11,1698711261862,2023-10-31T00:14:21.862Z,,BTC/USDT,3,34510.0,0.2217,34508.57,0.12
11,1698711261862,2023-10-31T00:14:21.862Z,,BTC/USDT,4,34510.78,0.03,34508.46,0.030122
11,1698711261862,2023-10-31T00:14:21.862Z,,BTC/USDT,5,34511.54,0.000231,34508.45,0.180144
11,1698711261862,2023-10-31T00:14:21.862Z,,BTC/USDT,6,34511.55,0.002878,34508.44,0.519718
11,1698711261862,2023-10-31T00:14:21.862Z,,BTC/USDT,7,34511.85,0.115858,34508.0,0.1407
11,1698711261862,2023-10-31T00:14:21.862Z,,BTC/USDT,8,34512.0,0.1407,34507.88,0.12
11,1698711261862,2023-10-31T00:14:21.862Z,,BTC/USDT,9,34513.03,0.05,34507.76,0.166897
11,1698711261862,2023-10-31T00:14:21.862Z,,BTC/USDT,10,34513.2,0.342005,34507.75,0.05
11,1698711261862,2023-10-31T00:14:21.862Z,,BTC/USDT,11,34513.23,0.57,34507.28,0.028992
11,1698711261862,2023-10-31T00:14:21.862Z,,BTC/USDT,12,34514.0,0.1407,34507.22,0.023517
11,1698711261862,2023-10-31T00:14:21.862Z,,BTC/USDT,13,34514.48,0.162209,34506.23,0.101223
11,1698711261862,2023-10-31T00:14:21.862Z,,BTC/USDT,14,34514.49,0.342005,34506.22,0.168699
11,1698711261862,2023-10-31T00:14:21.862Z,,BTC/USDT,15,34514.66,0.072865,34506.0,0.1407
11,1698711261862,2023-10-31T00:14:21.862Z,,BTC/USDT,16,34514.67,0.003,34505.89,0.016556
11,1698711261862,2023-10-31T00:14:21.862Z,,BTC/USDT,17,34514.94,0.004915,34505.57,0.08278
11,1698711261862,2023-10-31T00:14:21.862Z,,BTC/USDT,18,34514.95,0.57,34505.56,0.088534
11,1698711261862,2023-10-31T00:14:21.862Z,,BTC/USDT,19,34515.2,0.014605,34505.53,0.079999
11,1698711261862,2023-10-31T00:14:21.862Z,,BTC/USDT,20,34515.71,0.022,34505.2,0.021231
11,1698711261862,2023-10-31T00:14:21.862Z,,BTC/USDT,21,34515.99,0.1,34505.19,0.004656
11,1698711261862,2023-10-31T00:14:21.862Z,,BTC/USDT,22,34516.14,0.394141,34504.89,0.56
11,1698711261862,2023-10-31T00:14:21.862Z,,BTC/USDT,23,34516.15,0.656898,34504.66,0.044728
11,1698711261862,2023-10-31T00:14:21.862Z,,BTC/USDT,24,34516.29,0.044465,34504.17,0.028977
11,1698711261862,2023-10-31T00:14:21.862Z,,BTC/USDT,25,34516.76,0.028977,34504.01,0.306207
11,1698711261862,2023-10-31T00:14:21.862Z,,BTC/USDT,26,34517.3,0.011186,34504.0,0.1407
11,1698711261862,2023-10-31T00:14:21.862Z,,BTC/USDT,27,34517.45,0.031076,34503.51,0.57
11,1698711261862,2023-10-31T00:14:21.862Z,,BTC/USDT,28,34518.05,0.028978,34503.46,0.001741
11,1698711261862,2023-10-31T00:14:21.862Z,,BTC/USDT,29,34518.63,0.02749,34503.45,0.067352
11,1698711261862,2023-10-31T00:14:21.862Z,,BTC/USDT,30,34519.36,0.069499,34503.02,0.003482
11,1698711261862,2023-10-31T00:14:21.862Z,,BTC/USDT,31,34519.37,0.115832,34502.79,0.12
11,1698711261862,2023-10-31T00:14:21.862Z,,BTC/USDT,32,34520.0,0.083,34502.67,0.079999
11,1698711261862,2023-10-31T00:14:21.862Z,,BTC/USDT,33,34520.98,0.028992,34502.66,0.028983
11,1698711261862,2023-10-31T00:14:21.862Z,,BTC/USDT,34,34521.5,0.011611,34502.49,0.084427
11,1698711261862,2023-10-31T00:14:21.862Z,,BTC/USDT,35,34521.79,6.2e-05,34502.47,0.014411
11,1698711261862,2023-10-31T00:14:21.862Z,,BTC/USDT,36,34521.91,0.062618,34502.22,0.12
11,1698711261862,2023-10-31T00:14:21.862Z,,BTC/USDT,37,34521.92,0.104363,34502.0,0.1407
11,1698711261862,2023-10-31T00:14:21.862Z,,BTC/USDT,38,34522.69,0.029018,34501.98,0.057
11,1698711261862,2023-10-31T00:14:21.862Z,,BTC/USDT,39,34523.0,0.467966,34501.97,0.079999
11,1698711261862,2023-10-31T00:14:21.862Z,,BTC/USDT,40,34523.1,1.735777,34501.29,0.342003
11,1698711261862,2023-10-31T00:14:21.862Z,,BTC/USDT,41,34523.11,0.057932,34501.28,0.57
11,1698711261862,2023-10-31T00:14:21.862Z,,BTC/USDT,42,34523.3,2.9002,34501.15,0.115894
11,1698711261862,2023-10-31T00:14:21.862Z,,BTC/USDT,43,34523.57,1.159469,34500.87,0.003
11,1698711261862,2023-10-31T00:14:21.862Z,,BTC/USDT,44,34523.95,0.015119,34500.08,0.079999
11,1698711261862,2023-10-31T00:14:21.862Z,,BTC/USDT,45,34526.08,0.274093,34500.0,0.1407
11,1698711261862,2023-10-31T00:14:21.862Z,,BTC/USDT,46,34526.17,0.289525,34499.87,0.155795
11,1698711261862,2023-10-31T00:14:21.862Z,,BTC/USDT,47,34526.77,0.456819,34499.52,0.044432
11,1698711261862,2023-10-31T00:14:21.862Z,,BTC/USDT,48,34527.4,0.3,34499.46,0.031426
11,1698711261862,2023-10-31T00:14:21.862Z,,BTC/USDT,49,34529.38,0.041283,34499.39,0.109692
11,1698711261862,2023-10-31T00:14:21.862Z,,BTC/USDT,50,34530.0,0.081,34498.91,0.011558
12,1698711261883,2023-10-31T00:14:21.883Z,,BTC/USDT,1,34509.15,0.12998,34509.14,1.758553
12,1698711261883,2023-10-31T00:14:21.883Z,,BTC/USDT,2,34509.39,0.022973,34508.79,0.007372
12,1698711261883,2023-10-31T00:14:21.883Z,,BTC/USDT,3,34510.0,0.2217,34508.57,0.12
12,1698711261883,2023-10-31T00:14:21.883Z,,BTC/USDT,4,34510.78,0.03,34508.46,0.030122
12,1698711261883,2023-10-31T00:14:21.883Z,,BTC/USDT,5,34511.54,0.000231,34508.45,0.180144
12,1698711261883,2023-10-31T00:14:21.883Z,,BTC/USDT,6,34511.55,0.002878,34508.44,0.519718
12,1698711261883,2023-10-31T00:14:21.883Z,,BTC/USDT,7,34511.85,0.115858,34508.0,0.1407
12,1698711261883,2023-10-31T00:14:21.883Z,,BTC/USDT,8,34512.0,0.1407,34507.88,0.12
12,1698711261883,2023-10-31T00:14:21.883Z,,BTC/USDT,9,34513.03,0.05,34507.76,0.166897
12,1698711261883,2023-10-31T00:14:21.883Z,,BTC/USDT,10,34513.2,0.342005,34507.75,0.05
12,1698711261883,2023-10-31T00:14:21.883Z,,BTC/USDT,11,34513.23,0.57,34507.28,0.028992
12,1698711261883,2023-10-31T00:14:21.883Z,,BTC/USDT,12,34514.0,0.1407,34507.22,0.023517
12,1698711261883,2023-10-31T00:14:21.883Z,,BTC/USDT,13,34514.48,0.162209,34506.23,0.101223
12,1698711261883,2023-10-31T00:14:21.883Z,,BTC/USDT,14,34514.49,0.342005,34506.22,0.168699
12,1698711261883,2023-10-31T00:14:21.883Z,,BTC/USDT,15,34514.66,0.072865,34506.0,0.1407
12,1698711261883,2023-10-31T00:14:21.883Z,,BTC/USDT,16,34514.67,0.003,34505.89,0.016556
12,1698711261883,2023-10-31T00:14:21.883Z,,BTC/USDT,17,34514.94,0.004915,34505.57,0.08278
12,1698711261883,2023-10-31T00:14:21.883Z,,BTC/USDT,18,34514.95,0.57,34505.56,0.088534
12,1698711261883,2023-10-31T00:14:21.883Z,,BTC/USDT,19,34515.2,0.014605,34505.53,0.079999
12,1698711261883,2023-10-31T00:14:21.883Z,,BTC/USDT,20,34515.71,0.022,34505.2,0.021231
12,1698711261883,2023-10-31T00:14:21.883Z,,BTC/USDT,21,34515.99,0.1,34505.19,0.004656
12,1698711261883,2023-10-31T00:14:21.883Z,,BTC/USDT,22,34516.14,0.394141,34504.89,0.56
12,1698711261883,2023-10-31T00:14:21.883Z,,BTC/USDT,23,34516.15,0.656898,34504.66,0.044728
12,1698711261883,2023-10-31T00:14:21.883Z,,BTC/USDT,24,34516.29,0.044465,34504.17,0.028977
12,1698711261883,2023-10-31T00:14:21.883Z,,BTC/USDT,25,34516.76,0.028977,34504.01,0.306207
12,1698711261883,2023-10-31T00:14:21.883Z,,BTC/USDT,26,34517.3,0.011186,34504.0,0.1407
12,1698711261883,2023-10-31T00:14:21.883Z,,BTC/USDT,27,34517.45,0.031076,34503.51,0.57
12,1698711261883,2023-10-31T00:14:21.883Z,,BTC/USDT,28,34518.05,0.028978,34503.46,0.001741
12,1698711261883,2023-10-31T00:14:21.883Z,,BTC/USDT,29,34518.63,0.02749,34503.45,0.067352
12,1698711261883,2023-10-31T00:14:21.883Z,,BTC/USDT,30,34519.36,0.069499,34503.02,0.003482
12,1698711261883,2023-10-31T00:14:21.883Z,,BTC/USDT,31,34519.37,0.115832,34502.79,0.12
12,1698711261883,2023-10-31T00:14:21.883Z,,BTC/USDT,32,34520.0,0.083,34502.67,0.079999
12,1698711261883,2023-10-31T00:14:21.883Z,,BTC/USDT,33,34520.98,0.028992,34502.66,0.028983
12,1698711261883,2023-10-31T00:14:21.883Z,,BTC/USDT,34,34521.5,0.011611,34502.49,0.084427
12,1698711261883,2023-10-31T00:14:21.883Z,,BTC/USDT,35,34521.79,6.2e-05,34502.47,0.014411
12,1698711261883,2023-10-31T00:14:21.883Z,,BTC/USDT,36,34521.91,0.062618,34502.22,0.12
12,1698711261883,2023-10-31T00:14:21.883Z,,BTC/USDT,37,34521.92,0.104363,34502.0,0.1407
12,1698711261883,2023-10-31T00:14:21.883Z,,BTC/USDT,38,34522.69,0.029018,34501.98,0.057
12,1698711261883,2023-10-31T00:14:21.883Z,,BTC/USDT,39,34523.0,0.467966,34501.97,0.079999
12,1698711261883,2023-10-31T00:14:21.883Z,,BTC/USDT,40,34523.1,1.735777,34501.29,0.342003
12,1698711261883,2023-10-31T00:14:21.883Z,,BTC/USDT,41,34523.11,0.057932,34501.28,0.57
12,1698711261883,2023-10-31T00:14:21.883Z,,BTC/USDT,42,34523.3,2.9002,34501.15,0.115894
12,1698711261883,2023-10-31T00:14:21.883Z,,BTC/USDT,43,34523.57,1.159469,34500.87,0.003
12,1698711261883,2023-10-31T00:14:21.883Z,,BTC/USDT,44,34523.95,0.015119,34500.08,0.079999
12,1698711261883,2023-10-31T00:14:21.883Z,,BTC/USDT,45,34526.08,0.274093,34500.0,0.1407
12,1698711261883,2023-10-31T00:14:21.883Z,,BTC/USDT,46,34526.17,0.289525,34499.87,0.155795
12,1698711261883,2023-10-31T00:14:21.883Z,,BTC/USDT,47,34526.77,0.456819,34499.52,0.044432
12,1698711261883,2023-10-31T00:14:21.883Z,,BTC/USDT,48,34527.4,0.3,34499.46,0.031426
12,1698711261883,2023-10-31T00:14:21.883Z,,BTC/USDT,49,34529.38,0.041283,34499.39,0.109692
12,1698711261883,2023-10-31T00:14:21.883Z,,BTC/USDT,50,34530.0,0.081,34498.91,0.011558
13,1698711261943,2023-10-31T00:14:21.943Z,,BTC/USDT,1,34509.15,0.12998,34509.14,1.758553
13,1698711261943,2023-10-31T00:14:21.943Z,,BTC/USDT,2,34509.39,0.022973,34508.79,0.007372
13,1698711261943,2023-10-31T00:14:21.943Z,,BTC/USDT,3,34510.0,0.2217,34508.57,0.12
13,1698711261943,2023-10-31T00:14:21.943Z,,BTC/USDT,4,34510.78,0.03,34508.46,0.030122
13,1698711261943,2023-10-31T00:14:21.943Z,,BTC/USDT,5,34511.54,0.000231,34508.45,0.180144
13,1698711261943,2023-10-31T00:14:21.943Z,,BTC/USDT,6,34511.55,0.002878,34508.44,0.635587
13,1698711261943,2023-10-31T00:14:21.943Z,,BTC/USDT,7,34511.89,0.115858,34508.0,0.1407
13,1698711261943,2023-10-31T00:14:21.943Z,,BTC/USDT,8,34512.0,0.1407,34507.88,0.12
13,1698711261943,2023-10-31T00:14:21.943Z,,BTC/USDT,9,34513.03,0.05,34507.76,0.166897
13,1698711261943,2023-10-31T00:14:21.943Z,,BTC/USDT,10,34513.2,0.342005,34507.75,0.05
13,1698711261943,2023-10-31T00:14:21.943Z,,BTC/USDT,11,34513.23,0.57,34507.28,0.028992
13,1698711261943,2023-10-31T00:14:21.943Z,,BTC/USDT,12,34514.0,0.1407,34507.22,0.023517
13,1698711261943,2023-10-31T00:14:21.943Z,,BTC/USDT,13,34514.48,0.162209,34506.23,0.101223
13,1698711261943,2023-10-31T00:14:21.943Z,,BTC/USDT,14,34514.49,0.342005,34506.22,0.168699
13,1698711261943,2023-10-31T00:14:21.943Z,,BTC/USDT,15,34514.66,0.072865,34506.0,0.1407
13,1698711261943,2023-10-31T00:14:21.943Z,,BTC/USDT,16,34514.67,0.003,34505.89,0.016556
13,1698711261943,2023-10-31T00:14:21.943Z,,BTC/USDT,17,34514.94,0.004915,34505.57,0.08278
13,1698711261943,2023-10-31T00:14:21.943Z,,BTC/USDT,18,34514.95,0.57,34505.56,0.088534
13,1698711261943,2023-10-31T00:14:21.943Z,,BTC/USDT,19,34515.2,0.014605,34505.53,0.079999
13,1698711261943,2023-10-31T00:14:21.943Z,,BTC/USDT,20,34515.71,0.022,34505.2,0.021231
13,1698711261943,2023-10-31T00:14:21.943Z,,BTC/USDT,21,34515.99,0.1,34505.19,0.004656
13,1698711261943,2023-10-31T00:14:21.943Z,,BTC/USDT,22,34516.14,0.394141,34504.89,0.56
13,1698711261943,2023-10-31T00:14:21.943Z,,BTC/USDT,23,34516.15,0.656898,34504.66,0.044728
13,1698711261943,2023-10-31T00:14:21.943Z,,BTC/USDT,24,34516.29,0.044465,34504.17,0.028977
13,1698711261943,2023-10-31T00:14:21.943Z,,BTC/USDT,25,34516.76,0.028977,34504.01,0.306207
13,1698711261943,2023-10-31T00:14:21.943Z,,BTC/USDT,26,34517.3,0.011186,34504.0,0.1407
13,1698711261943,2023-10-31T00:14:21.943Z,,BTC/USDT,27,34517.45,0.031076,34503.51,0.57
13,1698711261943,2023-10-31T00:14:21.943Z,,BTC/USDT,28,34518.05,0.028978,34503.46,0.001741
13,1698711261943,2023-10-31T00:14:21.943Z,,BTC/USDT,29,34518.63,0.02749,34503.45,0.067352
13,1698711261943,2023-10-31T00:14:21.943Z,,BTC/USDT,30,34519.36,0.069499,34503.02,0.003482
13,1698711261943,2023-10-31T00:14:21.943Z,,BTC/USDT,31,34519.37,0.115832,34502.79,0.12
13,1698711261943,2023-10-31T00:14:21.943Z,,BTC/USDT,32,34520.0,0.083,34502.67,0.079999
13,1698711261943,2023-10-31T00:14:21.943Z,,BTC/USDT,33,34520.98,0.028992,34502.66,0.028983
13,1698711261943,2023-10-31T00:14:21.943Z,,BTC/USDT,34,34521.5,0.011611,34502.49,0.084427
13,1698711261943,2023-10-31T00:14:21.943Z,,BTC/USDT,35,34521.79,6.2e-05,34502.47,0.014411
13,1698711261943,2023-10-31T00:14:21.943Z,,BTC/USDT,36,34521.91,0.062618,34502.22,0.12
13,1698711261943,2023-10-31T00:14:21.943Z,,BTC/USDT,37,34521.92,0.104363,34502.0,0.1407
13,1698711261943,2023-10-31T00:14:21.943Z,,BTC/USDT,38,34522.69,0.029018,34501.98,0.057
13,1698711261943,2023-10-31T00:14:21.943Z,,BTC/USDT,39,34523.0,0.467966,34501.97,0.079999
13,1698711261943,2023-10-31T00:14:21.943Z,,BTC/USDT,40,34523.1,1.735777,34501.29,0.342003
13,1698711261943,2023-10-31T00:14:21.943Z,,BTC/USDT,41,34523.11,0.057932,34501.28,0.57
13,1698711261943,2023-10-31T00:14:21.943Z,,BTC/USDT,42,34523.3,2.9002,34501.15,0.115894
13,1698711261943,2023-10-31T00:14:21.943Z,,BTC/USDT,43,34523.57,1.159469,34500.87,0.003
13,1698711261943,2023-10-31T00:14:21.943Z,,BTC/USDT,44,34523.95,0.015119,34500.08,0.079999
13,1698711261943,2023-10-31T00:14:21.943Z,,BTC/USDT,45,34526.08,0.274093,34500.0,0.1407
13,1698711261943,2023-10-31T00:14:21.943Z,,BTC/USDT,46,34526.17,0.289525,34499.87,0.155795
13,1698711261943,2023-10-31T00:14:21.943Z,,BTC/USDT,47,34526.77,0.456819,34499.52,0.044432
13,1698711261943,2023-10-31T00:14:21.943Z,,BTC/USDT,48,34527.4,0.3,34499.46,0.031426
13,1698711261943,2023-10-31T00:14:21.943Z,,BTC/USDT,49,34529.38,0.041283,34499.39,0.109692
13,1698711261943,2023-10-31T00:14:21.943Z,,BTC/USDT,50,34530.0,0.081,34498.91,0.011558
14,1698711262483,2023-10-31T00:14:22.483Z,,BTC/USDT,1,34509.15,0.62998,34509.14,1.443372
14,1698711262483,2023-10-31T00:14:22.483Z,,BTC/USDT,2,34509.39,0.022973,34508.79,0.007372
14,1698711262483,2023-10-31T00:14:22.483Z,,BTC/USDT,3,34509.8,0.23254,34508.57,0.12
14,1698711262483,2023-10-31T00:14:22.483Z,,BTC/USDT,4,34509.81,0.115865,34508.46,0.030122
14,1698711262483,2023-10-31T00:14:22.483Z,,BTC/USDT,5,34510.0,0.2217,34508.44,0.519718
14,1698711262483,2023-10-31T00:14:22.483Z,,BTC/USDT,6,34510.78,0.03,34508.0,0.1407
14,1698711262483,2023-10-31T00:14:22.483Z,,BTC/USDT,7,34511.55,0.002878,34507.88,0.12
14,1698711262483,2023-10-31T00:14:22.483Z,,BTC/USDT,8,34512.0,0.1407,34507.76,0.086898
14,1698711262483,2023-10-31T00:14:22.483Z,,BTC/USDT,9,34513.2,0.342005,34507.28,0.028992
14,1698711262483,2023-10-31T00:14:22.483Z,,BTC/USDT,10,34513.23,0.57,34507.22,0.023517
14,1698711262483,2023-10-31T00:14:22.483Z,,BTC/USDT,11,34514.0,0.1407,34506.23,0.285718
14,1698711262483,2023-10-31T00:14:22.483Z,,BTC/USDT,12,34514.48,0.162209,34506.22,0.168699
14,1698711262483,2023-10-31T00:14:22.483Z,,BTC/USDT,13,34514.49,0.342005,34506.0,0.1407
14,1698711262483,2023-10-31T00:14:22.483Z,,BTC/USDT,14,34514.66,0.072865,34505.89,0.016556
14,1698711262483,2023-10-31T00:14:22.483Z,,BTC/USDT,15,34514.67,0.003,34505.6,0.115879
14,1698711262483,2023-10-31T00:14:22.483Z,,BTC/USDT,16,34514.94,0.004915,34505.57,0.08278
14,1698711262483,2023-10-31T00:14:22.483Z,,BTC/USDT,17,34514.95,0.57,34505.56,0.088534
14,1698711262483,2023-10-31T00:14:22.483Z,,BTC/USDT,18,34515.2,0.014605,34505.53,0.079999
14,1698711262483,2023-10-31T00:14:22.483Z,,BTC/USDT,19,34515.71,0.022,34505.44,0.05
14,1698711262483,2023-10-31T00:14:22.483Z,,BTC/USDT,20,34515.99,0.1,34505.19,0.004656
14,1698711262483,2023-10-31T00:14:22.483Z,,BTC/USDT,21,34516.14,0.394141,34504.9,0.021231
14,1698711262483,2023-10-31T00:14:22.483Z,,BTC/USDT,22,34516.15,0.656898,34504.89,0.56
14,1698711262483,2023-10-31T00:14:22.483Z,,BTC/USDT,23,34516.29,0.044465,34504.66,0.044728
14,1698711262483,2023-10-31T00:14:22.483Z,,BTC/USDT,24,34516.76,0.028977,34504.17,0.028977
14,1698711262483,2023-10-31T00:14:22.483Z,,BTC/USDT,25,34517.3,0.011186,34504.01,0.306207
14,1698711262483,2023-10-31T00:14:22.483Z,,BTC/USDT,26,34517.45,0.031076,34504.0,0.1407
14,1698711262483,2023-10-31T00:14:22.483Z,,BTC/USDT,27,34517.55,0.115839,34503.51,0.57
14,1698711262483,2023-10-31T00:14:22.483Z,,BTC/USDT,28,34518.05,0.028978,34503.46,0.001741
14,1698711262483,2023-10-31T00:14:22.483Z,,BTC/USDT,29,34518.63,0.02749,34503.45,0.067352
14,1698711262483,2023-10-31T00:14:22.483Z,,BTC/USDT,30,34520.0,0.083,34503.02,0.003482
14,1698711262483,2023-10-31T00:14:22.483Z,,BTC/USDT,31,34520.98,0.028992,34502.79,0.12
14,1698711262483,2023-10-31T00:14:22.483Z,,BTC/USDT,32,34521.5,0.011611,34502.67,0.079999
14,1698711262483,2023-10-31T00:14:22.483Z,,BTC/USDT,33,34521.79,6.2e-05,34502.66,0.028983
14,1698711262483,2023-10-31T00:14:22.483Z,,BTC/USDT,34,34521.92,0.104363,34502.49,0.084427
14,1698711262483,2023-10-31T00:14:22.483Z,,BTC/USDT,35,34522.69,0.029018,34502.22,0.12
14,1698711262483,2023-10-31T00:14:22.483Z,,BTC/USDT,36,34522.99,0.3,34502.0,0.1407
14,1698711262483,2023-10-31T00:14:22.483Z,,BTC/USDT,37,34523.0,0.467966,34501.98,0.086018
14,1698711262483,2023-10-31T00:14:22.483Z,,BTC/USDT,38,34523.1,1.735777,34501.97,0.079999
14,1698711262483,2023-10-31T00:14:22.483Z,,BTC/USDT,39,34523.11,0.057932,34501.29,0.342003
14,1698711262483,2023-10-31T00:14:22.483Z,,BTC/USDT,40,34523.3,2.9002,34501.28,0.57
14,1698711262483,2023-10-31T00:14:22.483Z,,BTC/USDT,41,34523.57,1.159469,34500.87,0.003
14,1698711262483,2023-10-31T00:14:22.483Z,,BTC/USDT,42,34523.95,0.015119,34500.08,0.079999
14,1698711262483,2023-10-31T00:14:22.483Z,,BTC/USDT,43,34525.34,0.289532,34500.0,0.1407
14,1698711262483,2023-10-31T00:14:22.483Z,,BTC/USDT,44,34526.08,0.274093,34499.87,0.155795
14,1698711262483,2023-10-31T00:14:22.483Z,,BTC/USDT,45,34526.77,0.456819,34499.53,0.06582
14,1698711262483,2023-10-31T00:14:22.483Z,,BTC/USDT,46,34527.4,0.3,34499.52,0.044432
14,1698711262483,2023-10-31T00:14:22.483Z,,BTC/USDT,47,34529.38,0.041283,34499.46,0.031426
14,1698711262483,2023-10-31T00:14:22.483Z,,BTC/USDT,48,34530.0,0.081,34499.39,0.109692
14,1698711262483,2023-10-31T00:14:22.483Z,,BTC/USDT,49,34530.71,6.4e-05,34498.91,0.011558
14,1698711262483,2023-10-31T00:14:22.483Z,,BTC/USDT,50,34531.15,0.010614,34498.0,0.1407
15,1698711262503,2023-10-31T00:14:22.503Z,,BTC/USDT,1,34509.15,0.62998,34509.14,1.444689
15,1698711262503,2023-10-31T00:14:22.503Z,,BTC/USDT,2,34509.38,0.000231,34508.79,0.007372
15,1698711262503,2023-10-31T00:14:22.503Z,,BTC/USDT,3,34509.39,0.022973,34508.57,0.12
15,1698711262503,2023-10-31T00:14:22.503Z,,BTC/USDT,4,34509.8,0.23254,34508.46,0.030122
15,1698711262503,2023-10-31T00:14:22.503Z,,BTC/USDT,5,34509.81,0.115865,34508.44,0.507372
15,1698711262503,2023-10-31T00:14:22.503Z,,BTC/USDT,6,34510.0,0.2217,34508.0,0.1407
15,1698711262503,2023-10-31T00:14:22.503Z,,BTC/USDT,7,34510.75,0.05,34507.88,0.12
15,1698711262503,2023-10-31T00:14:22.503Z,,BTC/USDT,8,34510.78,0.03,34507.76,0.086898
15,1698711262503,2023-10-31T00:14:22.503Z,,BTC/USDT,9,34511.55,0.002878,34507.28,0.028992
15,1698711262503,2023-10-31T00:14:22.503Z,,BTC/USDT,10,34512.0,0.1407,34507.22,0.023517
15,1698711262503,2023-10-31T00:14:22.503Z,,BTC/USDT,11,34513.2,0.342005,34506.23,0.285718
15,1698711262503,2023-10-31T00:14:22.503Z,,BTC/USDT,12,34513.23,0.57,34506.22,0.168699
15,1698711262503,2023-10-31T00:14:22.503Z,,BTC/USDT,13,34514.0,0.1407,34506.0,0.1407
15,1698711262503,2023-10-31T00:14:22.503Z,,BTC/USDT,14,34514.48,0.162209,34505.89,0.016556
15,1698711262503,2023-10-31T00:14:22.503Z,,BTC/USDT,15,34514.49,0.342005,34505.6,0.115879
15,1698711262503,2023-10-31T00:14:22.503Z,,BTC/USDT,16,34514.66,0.072865,34505.57,0.08278
15,1698711262503,2023-10-31T00:14:22.503Z,,BTC/USDT,17,34514.67,0.003,34505.56,0.088534
15,1698711262503,2023-10-31T00:14:22.503Z,,BTC/USDT,18,34514.94,0.004915,34505.53,0.079999
15,1698711262503,2023-10-31T00:14:22.503Z,,BTC/USDT,19,34514.95,0.57,34505.44,0.05
15,1698711262503,2023-10-31T00:14:22.503Z,,BTC/USDT,20,34515.2,0.014605,34505.19,0.004656
15,1698711262503,2023-10-31T00:14:22.503Z,,BTC/USDT,21,34515.71,0.022,34504.9,0.021231
15,1698711262503,2023-10-31T00:14:22.503Z,,BTC/USDT,22,34515.99,0.1,34504.89,0.56
15,1698711262503,2023-10-31T00:14:22.503Z,,BTC/USDT,23,34516.14,0.394141,34504.66,0.044728
15,1698711262503,2023-10-31T00:14:22.503Z,,BTC/USDT,24,34516.15,0.656898,34504.17,0.028977
15,1698711262503,2023-10-31T00:14:22.503Z,,BTC/USDT,25,34516.29,0.044465,34504.01,0.306207
15,1698711262503,2023-10-31T00:14:22.503Z,,BTC/USDT,26,34516.76,0.028977,34504.0,0.1407
15,1698711262503,2023-10-31T00:14:22.503Z,,BTC/USDT,27,34517.3,0.011186,34503.51,0.57
15,1698711262503,2023-10-31T00:14:22.503Z,,BTC/USDT,28,34517.45,0.031076,34503.46,0.001741
15,1698711262503,2023-10-31T00:14:22.503Z,,BTC/USDT,29,34517.55,0.115839,34503.45,0.067352
15,1698711262503,2023-10-31T00:14:22.503Z,,BTC/USDT,30,34518.05,0.028978,34503.02,0.003482
15,1698711262503,2023-10-31T00:14:22.503Z,,BTC/USDT,31,34518.63,0.02749,34502.79,0.12
15,1698711262503,2023-10-31T00:14:22.503Z,,BTC/USDT,32,34520.0,0.083,34502.67,0.079999
15,1698711262503,2023-10-31T00:14:22.503Z,,BTC/USDT,33,34520.98,0.028992,34502.66,0.028983
15,1698711262503,2023-10-31T00:14:22.503Z,,BTC/USDT,34,34521.5,0.011611,34502.49,0.084427
15,1698711262503,2023-10-31T00:14:22.503Z,,BTC/USDT,35,34521.79,6.2e-05,34502.22,0.12
15,1698711262503,2023-10-31T00:14:22.503Z,,BTC/USDT,36,34521.92,0.104363,34502.0,0.1407
15,1698711262503,2023-10-31T00:14:22.503Z,,BTC/USDT,37,34522.69,0.029018,34501.98,0.086018
15,1698711262503,2023-10-31T00:14:22.503Z,,BTC/USDT,38,34522.99,0.3,34501.97,0.079999
15,1698711262503,2023-10-31T00:14:22.503Z,,BTC/USDT,39,34523.0,0.467966,34501.29,0.342003
15,1698711262503,2023-10-31T00:14:22.503Z,,BTC/USDT,40,34523.1,1.735777,34501.28,0.57
15,1698711262503,2023-10-31T00:14:22.503Z,,BTC/USDT,41,34523.11,0.057932,34500.87,0.003
15,1698711262503,2023-10-31T00:14:22.503Z,,BTC/USDT,42,34523.3,2.9002,34500.08,0.079999
15,1698711262503,2023-10-31T00:14:22.503Z,,BTC/USDT,43,34523.57,1.159469,34500.0,0.1407
15,1698711262503,2023-10-31T00:14:22.503Z,,BTC/USDT,44,34523.95,0.015119,34499.87,0.155795
15,1698711262503,2023-10-31T00:14:22.503Z,,BTC/USDT,45,34525.34,0.289532,34499.53,0.06582
15,1698711262503,2023-10-31T00:14:22.503Z,,BTC/USDT,46,34526.08,0.274093,34499.52,0.044432
15,1698711262503,2023-10-31T00:14:22.503Z,,BTC/USDT,47,34526.77,0.456819,34499.46,0.031426
15,1698711262503,2023-10-31T00:14:22.503Z,,BTC/USDT,48,34527.4,0.3,34499.39,0.109692
15,1698711262503,2023-10-31T00:14:22.503Z,,BTC/USDT,49,34529.38,0.041283,34498.91,0.011558
15,1698711262503,2023-10-31T00:14:22.503Z,,BTC/USDT,50,34530.0,0.081,34498.0,0.1407
16,1698711263183,2023-10-31T00:14:23.183Z,,BTC/USDT,1,34509.15,0.626998,34509.14,0.588605
16,1698711263183,2023-10-31T00:14:23.183Z,,BTC/USDT,2,34509.39,0.022973,34508.79,0.014744
16,1698711263183,2023-10-31T00:14:23.183Z,,BTC/USDT,3,34509.84,0.007372,34508.57,0.12
16,1698711263183,2023-10-31T00:14:23.183Z,,BTC/USDT,4,34509.99,0.069543,34508.44,0.514744
16,1698711263183,2023-10-31T00:14:23.183Z,,BTC/USDT,5,34510.0,0.2217,34508.0,0.1407
16,1698711263183,2023-10-31T00:14:23.183Z,,BTC/USDT,6,34510.75,0.05,34507.88,0.12
16,1698711263183,2023-10-31T00:14:23.183Z,,BTC/USDT,7,34510.78,0.03,34507.76,0.086898
16,1698711263183,2023-10-31T00:14:23.183Z,,BTC/USDT,8,34511.53,0.069663,34507.72,0.05
16,1698711263183,2023-10-31T00:14:23.183Z,,BTC/USDT,9,34511.54,0.000231,34506.23,0.267761
16,1698711263183,2023-10-31T00:14:23.183Z,,BTC/USDT,10,34511.55,0.002878,34506.22,0.0887
16,1698711263183,2023-10-31T00:14:23.183Z,,BTC/USDT,11,34512.0,0.1407,34506.0,0.1407
16,1698711263183,2023-10-31T00:14:23.183Z,,BTC/USDT,12,34513.2,0.342005,34505.89,0.045548
16,1698711263183,2023-10-31T00:14:23.183Z,,BTC/USDT,13,34513.23,0.57,34505.57,0.08278
16,1698711263183,2023-10-31T00:14:23.183Z,,BTC/USDT,14,34514.0,0.1407,34505.56,0.088534
16,1698711263183,2023-10-31T00:14:23.183Z,,BTC/USDT,15,34514.48,0.162209,34504.9,0.021231
16,1698711263183,2023-10-31T00:14:23.183Z,,BTC/USDT,16,34514.49,0.342005,34504.89,0.56
16,1698711263183,2023-10-31T00:14:23.183Z,,BTC/USDT,17,34514.66,0.072865,34504.66,0.044728
16,1698711263183,2023-10-31T00:14:23.183Z,,BTC/USDT,18,34514.67,0.003,34504.31,0.022634
16,1698711263183,2023-10-31T00:14:23.183Z,,BTC/USDT,19,34514.94,0.004915,34504.04,0.028977
16,1698711263183,2023-10-31T00:14:23.183Z,,BTC/USDT,20,34514.95,0.57,34504.02,0.004764
16,1698711263183,2023-10-31T00:14:23.183Z,,BTC/USDT,21,34515.2,0.014605,34504.01,0.429603
16,1698711263183,2023-10-31T00:14:23.183Z,,BTC/USDT,22,34515.71,0.022,34504.0,0.1407
16,1698711263183,2023-10-31T00:14:23.183Z,,BTC/USDT,23,34515.99,0.1,34503.51,0.57
16,1698711263183,2023-10-31T00:14:23.183Z,,BTC/USDT,24,34516.14,0.394141,34503.46,0.001741
16,1698711263183,2023-10-31T00:14:23.183Z,,BTC/USDT,25,34516.15,0.656898,34503.45,0.067352
16,1698711263183,2023-10-31T00:14:23.183Z,,BTC/USDT,26,34516.29,0.044465,34503.02,0.003482
16,1698711263183,2023-10-31T00:14:23.183Z,,BTC/USDT,27,34516.64,0.028977,34502.79,0.12
16,1698711263183,2023-10-31T00:14:23.183Z,,BTC/USDT,28,34517.3,0.011186,34502.67,0.079999
16,1698711263183,2023-10-31T00:14:23.183Z,,BTC/USDT,29,34517.45,0.031076,34502.66,0.028983
16,1698711263183,2023-10-31T00:14:23.183Z,,BTC/USDT,30,34518.05,0.028978,34502.49,0.084427
16,1698711263183,2023-10-31T00:14:23.183Z,,BTC/USDT,31,34518.63,0.02749,34502.22,0.12
16,1698711263183,2023-10-31T00:14:23.183Z,,BTC/USDT,32,34519.29,0.028992,34502.0,0.1407
16,1698711263183,2023-10-31T00:14:23.183Z,,BTC/USDT,33,34520.0,0.083,34501.98,0.057
16,1698711263183,2023-10-31T00:14:23.183Z,,BTC/USDT,34,34520.62,0.115828,34501.97,0.079999
16,1698711263183,2023-10-31T00:14:23.183Z,,BTC/USDT,35,34521.5,0.011611,34501.29,0.342003
16,1698711263183,2023-10-31T00:14:23.183Z,,BTC/USDT,36,34521.79,6.2e-05,34501.28,0.57
16,1698711263183,2023-10-31T00:14:23.183Z,,BTC/USDT,37,34521.92,0.104363,34500.87,0.003
16,1698711263183,2023-10-31T00:14:23.183Z,,BTC/USDT,38,34522.69,0.029018,34500.39,0.014495
16,1698711263183,2023-10-31T00:14:23.183Z,,BTC/USDT,39,34522.99,0.3,34500.08,0.079999
16,1698711263183,2023-10-31T00:14:23.183Z,,BTC/USDT,40,34523.0,0.467966,34500.0,0.1407
16,1698711263183,2023-10-31T00:14:23.183Z,,BTC/USDT,41,34523.1,1.735777,34499.87,0.155795
16,1698711263183,2023-10-31T00:14:23.183Z,,BTC/USDT,42,34523.11,0.057932,34499.53,0.06582
16,1698711263183,2023-10-31T00:14:23.183Z,,BTC/USDT,43,34523.3,2.9002,34499.46,0.031426
16,1698711263183,2023-10-31T00:14:23.183Z,,BTC/USDT,44,34523.95,0.015119,34499.39,0.109692
16,1698711263183,2023-10-31T00:14:23.183Z,,BTC/USDT,45,34526.08,0.274093,34498.91,0.011558
16,1698711263183,2023-10-31T00:14:23.183Z,,BTC/USDT,46,34526.77,0.456819,34498.0,0.1407
16,1698711263183,2023-10-31T00:14:23.183Z,,BTC/USDT,47,34527.28,1.15911,34497.72,0.079999
16,1698711263183,2023-10-31T00:14:23.183Z,,BTC/USDT,48,34527.4,0.3,34497.31,0.043027
16,1698711263183,2023-10-31T00:14:23.183Z,,BTC/USDT,49,34528.09,0.289509,34496.91,0.115908
16,1698711263183,2023-10-31T00:14:23.183Z,,BTC/USDT,50,34529.38,0.041283,34496.88,0.695476
17,1698711263203,2023-10-31T00:14:23.203Z,,BTC/USDT,1,34509.15,0.626998,34509.14,0.588605
17,1698711263203,2023-10-31T00:14:23.203Z,,BTC/USDT,2,34509.39,0.022973,34508.79,0.014744
17,1698711263203,2023-10-31T00:14:23.203Z,,BTC/USDT,3,34509.84,0.007372,34508.57,0.12
17,1698711263203,2023-10-31T00:14:23.203Z,,BTC/USDT,4,34509.99,0.069543,34508.44,0.514744
17,1698711263203,2023-10-31T00:14:23.203Z,,BTC/USDT,5,34510.0,0.2217,34508.0,0.1407
17,1698711263203,2023-10-31T00:14:23.203Z,,BTC/USDT,6,34510.75,0.05,34507.88,0.12
17,1698711263203,2023-10-31T00:14:23.203Z,,BTC/USDT,7,34510.78,0.03,34507.76,0.086898
17,1698711263203,2023-10-31T00:14:23.203Z,,BTC/USDT,8,34511.54,0.000231,34507.72,0.05
17,1698711263203,2023-10-31T00:14:23.203Z,,BTC/USDT,9,34511.55,0.002878,34506.23,0.267761
17,1698711263203,2023-10-31T00:14:23.203Z,,BTC/USDT,10,34512.0,0.1407,34506.22,0.0887
17,1698711263203,2023-10-31T00:14:23.203Z,,BTC/USDT,11,34513.2,0.342005,34506.0,0.1407
17,1698711263203,2023-10-31T00:14:23.203Z,,BTC/USDT,12,34513.23,0.57,34505.89,0.045548
17,1698711263203,2023-10-31T00:14:23.203Z,,BTC/USDT,13,34514.0,0.1407,34505.57,0.08278
17,1698711263203,2023-10-31T00:14:23.203Z,,BTC/USDT,14,34514.48,0.162209,34505.56,0.088534
17,1698711263203,2023-10-31T00:14:23.203Z,,BTC/USDT,15,34514.49,0.342005,34504.9,0.021231
17,1698711263203,2023-10-31T00:14:23.203Z,,BTC/USDT,16,34514.66,0.072865,34504.89,0.56
17,1698711263203,2023-10-31T00:14:23.203Z,,BTC/USDT,17,34514.67,0.003,34504.66,0.044728
17,1698711263203,2023-10-31T00:14:23.203Z,,BTC/USDT,18,34514.94,0.004915,34504.31,0.022634
17,1698711263203,2023-10-31T00:14:23.203Z,,BTC/USDT,19,34514.95,0.57,34504.04,0.028977
17,1698711263203,2023-10-31T00:14:23.203Z,,BTC/USDT,20,34515.2,0.014605,34504.02,0.004764
17,1698711263203,2023-10-31T00:14:23.203Z,,BTC/USDT,21,34515.71,0.022,34504.01,0.429603
17,1698711263203,2023-10-31T00:14:23.203Z,,BTC/USDT,22,34515.99,0.1,34504.0,0.1407
17,1698711263203,2023-10-31T00:14:23.203Z,,BTC/USDT,23,34516.14,0.394141,34503.51,0.57
17,1698711263203,2023-10-31T00:14:23.203Z,,BTC/USDT,24,34516.15,0.656898,34503.46,0.001741
17,1698711263203,2023-10-31T00:14:23.203Z,,BTC/USDT,25,34516.29,0.044465,34503.45,0.067352
17,1698711263203,2023-10-31T00:14:23.203Z,,BTC/USDT,26,34516.64,0.028977,34503.02,0.003482
17,1698711263203,2023-10-31T00:14:23.203Z,,BTC/USDT,27,34517.3,0.011186,34502.79,0.12
17,1698711263203,2023-10-31T00:14:23.203Z,,BTC/USDT,28,34517.45,0.031076,34502.67,0.079999
17,1698711263203,2023-10-31T00:14:23.203Z,,BTC/USDT,29,34518.05,0.028978,34502.66,0.028983
17,1698711263203,2023-10-31T00:14:23.203Z,,BTC/USDT,30,34518.63,0.02749,34502.49,0.084427
17,1698711263203,2023-10-31T00:14:23.203Z,,BTC/USDT,31,34519.29,0.028992,34502.22,0.12
17,1698711263203,2023-10-31T00:14:23.203Z,,BTC/USDT,32,34520.0,0.083,34502.0,0.1407
17,1698711263203,2023-10-31T00:14:23.203Z,,BTC/USDT,33,34520.62,0.115828,34501.98,0.057
17,1698711263203,2023-10-31T00:14:23.203Z,,BTC/USDT,34,34521.5,0.011611,34501.97,0.079999
17,1698711263203,2023-10-31T00:14:23.203Z,,BTC/USDT,35,34521.79,6.2e-05,34501.29,0.342003
17,1698711263203,2023-10-31T00:14:23.203Z,,BTC/USDT,36,34521.92,0.104363,34501.28,0.57
17,1698711263203,2023-10-31T00:14:23.203Z,,BTC/USDT,37,34522.69,0.029018,34500.87,0.003
17,1698711263203,2023-10-31T00:14:23.203Z,,BTC/USDT,38,34522.99,0.3,34500.39,0.014495
17,1698711263203,2023-10-31T00:14:23.203Z,,BTC/USDT,39,34523.0,0.467966,34500.08,0.079999
17,1698711263203,2023-10-31T00:14:23.203Z,,BTC/USDT,40,34523.1,1.735777,34500.0,0.1407
17,1698711263203,2023-10-31T00:14:23.203Z,,BTC/USDT,41,34523.11,0.057932,34499.87,0.155795
17,1698711263203,2023-10-31T00:14:23.203Z,,BTC/USDT,42,34523.3,2.9002,34499.53,0.06582
17,1698711263203,2023-10-31T00:14:23.203Z,,BTC/USDT,43,34523.95,0.015119,34499.46,0.031426
17,1698711263203,2023-10-31T00:14:23.203Z,,BTC/USDT,44,34526.08,0.274093,34499.39,0.109692
17,1698711263203,2023-10-31T00:14:23.203Z,,BTC/USDT,45,34526.77,0.456819,34498.91,0.011558
17,1698711263203,2023-10-31T00:14:23.203Z,,BTC/USDT,46,34527.28,1.15911,34498.0,0.1407
17,1698711263203,2023-10-31T00:14:23.203Z,,BTC/USDT,47,34527.4,0.3,34497.72,0.079999
17,1698711263203,2023-10-31T00:14:23.203Z,,BTC/USDT,48,34528.09,0.289509,34497.31,0.043027
17,1698711263203,2023-10-31T00:14:23.203Z,,BTC/USDT,49,34529.38,0.041283,34496.91,0.115908
17,1698711263203,2023-10-31T00:14:23.203Z,,BTC/USDT,50,34530.0,0.081,34496.88,0.695476
18,1698711263243,2023-10-31T00:14:23.243Z,,BTC/USDT,1,34509.15,0.626998,34509.14,0.588605
18,1698711263243,2023-10-31T00:14:23.243Z,,BTC/USDT,2,34509.39,0.022973,34508.79,0.014744
18,1698711263243,2023-10-31T00:14:23.243Z,,BTC/USDT,3,34509.84,0.007372,34508.57,0.12
18,1698711263243,2023-10-31T00:14:23.243Z,,BTC/USDT,4,34509.99,0.069543,34508.44,0.514744
18,1698711263243,2023-10-31T00:14:23.243Z,,BTC/USDT,5,34510.0,0.2217,34508.0,0.1407
18,1698711263243,2023-10-31T00:14:23.243Z,,BTC/USDT,6,34510.74,0.000231,34507.88,0.12
18,1698711263243,2023-10-31T00:14:23.243Z,,BTC/USDT,7,34510.75,0.05,34507.76,0.086898
18,1698711263243,2023-10-31T00:14:23.243Z,,BTC/USDT,8,34510.78,0.03,34507.72,0.05
18,1698711263243,2023-10-31T00:14:23.243Z,,BTC/USDT,9,34511.55,0.002878,34506.24,0.115876
18,1698711263243,2023-10-31T00:14:23.243Z,,BTC/USDT,10,34511.8,0.115858,34506.23,0.267761
18,1698711263243,2023-10-31T00:14:23.243Z,,BTC/USDT,11,34512.0,0.1407,34506.22,0.0887
18,1698711263243,2023-10-31T00:14:23.243Z,,BTC/USDT,12,34513.2,0.342005,34506.0,0.1407
18,1698711263243,2023-10-31T00:14:23.243Z,,BTC/USDT,13,34513.23,0.57,34505.89,0.045548
18,1698711263243,2023-10-31T00:14:23.243Z,,BTC/USDT,14,34514.0,0.1407,34505.57,0.08278
18,1698711263243,2023-10-31T00:14:23.243Z,,BTC/USDT,15,34514.48,0.162209,34505.56,0.088534
18,1698711263243,2023-10-31T00:14:23.243Z,,BTC/USDT,16,34514.49,0.342005,34504.9,0.021231
18,1698711263243,2023-10-31T00:14:23.243Z,,BTC/USDT,17,34514.66,0.072865,34504.89,0.56
18,1698711263243,2023-10-31T00:14:23.243Z,,BTC/USDT,18,34514.67,0.003,34504.66,0.044728
18,1698711263243,2023-10-31T00:14:23.243Z,,BTC/USDT,19,34514.94,0.004915,34504.31,0.022634
18,1698711263243,2023-10-31T00:14:23.243Z,,BTC/USDT,20,34514.95,0.57,34504.04,0.028977
18,1698711263243,2023-10-31T00:14:23.243Z,,BTC/USDT,21,34515.2,0.014605,34504.02,0.004764
18,1698711263243,2023-10-31T00:14:23.243Z,,BTC/USDT,22,34515.71,0.022,34504.01,0.429603
18,1698711263243,2023-10-31T00:14:23.243Z,,BTC/USDT,23,34515.99,0.1,34504.0,0.1407
18,1698711263243,2023-10-31T00:14:23.243Z,,BTC/USDT,24,34516.14,0.394141,34503.51,0.57
18,1698711263243,2023-10-31T00:14:23.243Z,,BTC/USDT,25,34516.15,0.656898,34503.46,0.001741
18,1698711263243,2023-10-31T00:14:23.243Z,,BTC/USDT,26,34516.29,0.044465,34503.45,0.067352
18,1698711263243,2023-10-31T00:14:23.243Z,,BTC/USDT,27,34516.64,0.028977,34503.02,0.003482
18,1698711263243,2023-10-31T00:14:23.243Z,,BTC/USDT,28,34517.3,0.011186,34502.79,0.12
18,1698711263243,2023-10-31T00:14:23.243Z,,BTC/USDT,29,34517.45,0.031076,34502.67,0.079999
18,1698711263243,2023-10-31T00:14:23.243Z,,BTC/USDT,30,34518.05,0.028978,34502.66,0.028983
18,1698711263243,2023-10-31T00:14:23.243Z,,BTC/USDT,31,34518.63,0.02749,34502.49,0.084427
18,1698711263243,2023-10-31T00:14:23.243Z,,BTC/USDT,32,34519.29,0.028992,34502.22,0.12
18,1698711263243,2023-10-31T00:14:23.243Z,,BTC/USDT,33,34520.0,0.083,34502.0,0.1407
18,1698711263243,2023-10-31T00:14:23.243Z,,BTC/USDT,34,34520.62,0.115828,34501.98,0.057
18,1698711263243,2023-10-31T00:14:23.243Z,,BTC/USDT,35,34521.5,0.011611,34501.97,0.079999
18,1698711263243,2023-10-31T00:14:23.243Z,,BTC/USDT,36,34521.79,6.2e-05,34501.29,0.342003
18,1698711263243,2023-10-31T00:14:23.243Z,,BTC/USDT,37,34521.92,0.104363,34501.28,0.57
18,1698711263243,2023-10-31T00:14:23.243Z,,BTC/USDT,38,34522.69,0.029018,34500.87,0.003
18,1698711263243,2023-10-31T00:14:23.243Z,,BTC/USDT,39,34522.99,0.3,34500.39,0.014495
18,1698711263243,2023-10-31T00:14:23.243Z,,BTC/USDT,40,34523.0,0.467966,34500.08,0.079999
18,1698711263243,2023-10-31T00:14:23.243Z,,BTC/USDT,41,34523.1,1.735777,34500.0,0.1407
18,1698711263243,2023-10-31T00:14:23.243Z,,BTC/USDT,42,34523.11,0.057932,34499.87,0.155795
18,1698711263243,2023-10-31T00:14:23.243Z,,BTC/USDT,43,34523.3,2.9002,34499.53,0.06582
18,1698711263243,2023-10-31T00:14:23.243Z,,BTC/USDT,44,34523.95,0.015119,34499.46,0.031426
18,1698711263243,2023-10-31T00:14:23.243Z,,BTC/USDT,45,34526.08,0.274093,34499.39,0.109692
18,1698711263243,2023-10-31T00:14:23.243Z,,BTC/USDT,46,34526.77,0.456819,34498.91,0.011558
18,1698711263243,2023-10-31T00:14:23.243Z,,BTC/USDT,47,34527.28,1.15911,34498.0,0.1407
18,1698711263243,2023-10-31T00:14:23.243Z,,BTC/USDT,48,34527.4,0.3,34497.72,0.079999
18,1698711263243,2023-10-31T00:14:23.243Z,,BTC/USDT,49,34528.09,0.289509,34497.31,0.043027
18,1698711263243,2023-10-31T00:14:23.243Z,,BTC/USDT,50,34529.38,0.041283,34496.91,0.115908
19,1698711263263,2023-10-31T00:14:23.263Z,,BTC/USDT,1,34509.15,0.626998,34509.14,0.588605
19,1698711263263,2023-10-31T00:14:23.263Z,,BTC/USDT,2,34509.39,0.022973,34508.79,0.014744
19,1698711263263,2023-10-31T00:14:23.263Z,,BTC/USDT,3,34509.84,0.007372,34508.57,0.12
19,1698711263263,2023-10-31T00:14:23.263Z,,BTC/USDT,4,34509.99,0.124327,34508.44,0.514744
19,1698711263263,2023-10-31T00:14:23.263Z,,BTC/USDT,5,34510.0,0.2217,34508.0,0.1407
19,1698711263263,2023-10-31T00:14:23.263Z,,BTC/USDT,6,34510.75,0.05,34507.88,0.12
19,1698711263263,2023-10-31T00:14:23.263Z,,BTC/USDT,7,34510.78,0.03,34507.76,0.086898
19,1698711263263,2023-10-31T00:14:23.263Z,,BTC/USDT,8,34511.53,0.000231,34507.72,0.05
19,1698711263263,2023-10-31T00:14:23.263Z,,BTC/USDT,9,34511.55,0.002878,34506.24,0.115876
19,1698711263263,2023-10-31T00:14:23.263Z,,BTC/USDT,10,34511.79,0.069515,34506.23,0.267761
19,1698711263263,2023-10-31T00:14:23.263Z,,BTC/USDT,11,34511.8,0.115858,34506.22,0.0887
19,1698711263263,2023-10-31T00:14:23.263Z,,BTC/USDT,12,34512.0,0.1407,34506.0,0.1407
19,1698711263263,2023-10-31T00:14:23.263Z,,BTC/USDT,13,34513.2,0.342005,34505.89,0.045548
19,1698711263263,2023-10-31T00:14:23.263Z,,BTC/USDT,14,34513.23,0.57,34505.57,0.08278
19,1698711263263,2023-10-31T00:14:23.263Z,,BTC/USDT,15,34514.0,0.1407,34505.56,0.088534
19,1698711263263,2023-10-31T00:14:23.263Z,,BTC/USDT,16,34514.48,0.162209,34504.9,0.021231
19,1698711263263,2023-10-31T00:14:23.263Z,,BTC/USDT,17,34514.49,0.342005,34504.89,0.56
19,1698711263263,2023-10-31T00:14:23.263Z,,BTC/USDT,18,34514.66,0.072865,34504.66,0.044728
19,1698711263263,2023-10-31T00:14:23.263Z,,BTC/USDT,19,34514.67,0.003,34504.31,0.022634
19,1698711263263,2023-10-31T00:14:23.263Z,,BTC/USDT,20,34514.94,0.004915,34504.04,0.028977
19,1698711263263,2023-10-31T00:14:23.263Z,,BTC/USDT,21,34514.95,0.57,34504.02,0.004764
19,1698711263263,2023-10-31T00:14:23.263Z,,BTC/USDT,22,34515.2,0.014605,34504.01,0.429603
19,1698711263263,2023-10-31T00:14:23.263Z,,BTC/USDT,23,34515.71,0.022,34504.0,0.1407
19,1698711263263,2023-10-31T00:14:23.263Z,,BTC/USDT,24,34515.99,0.1,34503.51,0.57
19,1698711263263,2023-10-31T00:14:23.263Z,,BTC/USDT,25,34516.14,0.394141,34503.46,0.001741
19,1698711263263,2023-10-31T00:14:23.263Z,,BTC/USDT,26,34516.15,0.656898,34503.45,0.067352
19,1698711263263,2023-10-31T00:14:23.263Z,,BTC/USDT,27,34516.29,0.044465,34503.02,0.003482
19,1698711263263,2023-10-31T00:14:23.263Z,,BTC/USDT,28,34516.64,0.028977,34502.79,0.12
19,1698711263263,2023-10-31T00:14:23.263Z,,BTC/USDT,29,34517.3,0.011186,34502.67,0.079999
19,1698711263263,2023-10-31T00:14:23.263Z,,BTC/USDT,30,34517.45,0.031076,34502.66,0.028983
19,1698711263263,2023-10-31T00:14:23.263Z,,BTC/USDT,31,34518.05,0.028978,34502.49,0.084427
19,1698711263263,2023-10-31T00:14:23.263Z,,BTC/USDT,32,34518.63,0.02749,34502.22,0.12
19,1698711263263,2023-10-31T00:14:23.263Z,,BTC/USDT,33,34519.29,0.028992,34502.0,0.1407
19,1698711263263,2023-10-31T00:14:23.263Z,,BTC/USDT,34,34520.0,0.083,34501.98,0.057
19,1698711263263,2023-10-31T00:14:23.263Z,,BTC/USDT,35,34520.62,0.115828,34501.97,0.079999
19,1698711263263,2023-10-31T00:14:23.263Z,,BTC/USDT,36,34521.5,0.011611,34501.29,0.342003
19,1698711263263,2023-10-31T00:14:23.263Z,,BTC/USDT,37,34521.79,6.2e-05,34501.28,0.57
19,1698711263263,2023-10-31T00:14:23.263Z,,BTC/USDT,38,34521.92,0.104363,34500.87,0.003
19,1698711263263,2023-10-31T00:14:23.263Z,,BTC/USDT,39,34522.69,0.029018,34500.39,0.014495
19,1698711263263,2023-10-31T00:14:23.263Z,,BTC/USDT,40,34522.99,0.3,34500.08,0.079999
19,1698711263263,2023-10-31T00:14:23.263Z,,BTC/USDT,41,34523.0,0.467966,34500.0,0.1407
19,1698711263263,2023-10-31T00:14:23.263Z,,BTC/USDT,42,34523.1,1.735777,34499.87,0.155795
19,1698711263263,2023-10-31T00:14:23.263Z,,BTC/USDT,43,34523.11,0.057932,34499.53,0.06582
19,1698711263263,2023-10-31T00:14:23.263Z,,BTC/USDT,44,34523.3,2.9002,34499.46,0.031426
19,1698711263263,2023-10-31T00:14:23.263Z,,BTC/USDT,45,34523.95,0.015119,34499.39,0.109692
19,1698711263263,2023-10-31T00:14:23.263Z,,BTC/USDT,46,34526.08,0.274093,34498.91,0.011558
19,1698711263263,2023-10-31T00:14:23.263Z,,BTC/USDT,47,34526.77,0.456819,34498.0,0.1407
19,1698711263263,2023-10-31T00:14:23.263Z,,BTC/USDT,48,34527.28,1.15911,34497.72,0.079999
19,1698711263263,2023-10-31T00:14:23.263Z,,BTC/USDT,49,34527.4,0.3,34497.31,0.043027
19,1698711263263,2023-10-31T00:14:23.263Z,,BTC/USDT,50,34528.09,0.289509,34496.91,0.115908
20,1698711263283,2023-10-31T00:14:23.283Z,,BTC/USDT,1,34509.15,0.626998,34509.14,0.588605
20,1698711263283,2023-10-31T00:14:23.283Z,,BTC/USDT,2,34509.39,0.022973,34508.79,0.014744
20,1698711263283,2023-10-31T00:14:23.283Z,,BTC/USDT,3,34509.84,0.007372,34508.57,0.12
20,1698711263283,2023-10-31T00:14:23.283Z,,BTC/USDT,4,34509.99,0.124327,34508.44,0.514744
20,1698711263283,2023-10-31T00:14:23.283Z,,BTC/USDT,5,34510.0,0.2217,34508.0,0.1407
20,1698711263283,2023-10-31T00:14:23.283Z,,BTC/USDT,6,34510.75,0.05,34507.88,0.12
20,1698711263283,2023-10-31T00:14:23.283Z,,BTC/USDT,7,34510.78,0.03,34507.76,0.086898
20,1698711263283,2023-10-31T00:14:23.283Z,,BTC/USDT,8,34511.53,0.000231,34507.72,0.05
20,1698711263283,2023-10-31T00:14:23.283Z,,BTC/USDT,9,34511.55,0.002878,34506.23,0.267761
20,1698711263283,2023-10-31T00:14:23.283Z,,BTC/USDT,10,34511.79,0.069515,34506.22,0.0887
20,1698711263283,2023-10-31T00:14:23.283Z,,BTC/USDT,11,34512.0,0.1407,34506.0,0.1407
20,1698711263283,2023-10-31T00:14:23.283Z,,BTC/USDT,12,34513.2,0.342005,34505.89,0.045548
20,1698711263283,2023-10-31T00:14:23.283Z,,BTC/USDT,13,34513.23,0.57,34505.57,0.08278
20,1698711263283,2023-10-31T00:14:23.283Z,,BTC/USDT,14,34514.0,0.1407,34505.56,0.088534
20,1698711263283,2023-10-31T00:14:23.283Z,,BTC/USDT,15,34514.48,0.162209,34504.9,0.021231
20,1698711263283,2023-10-31T00:14:23.283Z,,BTC/USDT,16,34514.49,0.342005,34504.89,0.56
20,1698711263283,2023-10-31T00:14:23.283Z,,BTC/USDT,17,34514.66,0.072865,34504.66,0.044728
20,1698711263283,2023-10-31T00:14:23.283Z,,BTC/USDT,18,34514.67,0.003,34504.31,0.022634
20,1698711263283,2023-10-31T00:14:23.283Z,,BTC/USDT,19,34514.94,0.004915,34504.04,0.028977
20,1698711263283,2023-10-31T00:14:23.283Z,,BTC/USDT,20,34514.95,0.57,34504.02,0.004764
20,1698711263283,2023-10-31T00:14:23.283Z,,BTC/USDT,21,34515.2,0.014605,34504.01,0.429603
20,1698711263283,2023-10-31T00:14:23.283Z,,BTC/USDT,22,34515.71,0.022,34504.0,0.1407
20,1698711263283,2023-10-31T00:14:23.283Z,,BTC/USDT,23,34515.99,0.1,34503.51,0.57
20,1698711263283,2023-10-31T00:14:23.283Z,,BTC/USDT,24,34516.14,0.394141,34503.46,0.001741
20,1698711263283,2023-10-31T00:14:23.283Z,,BTC/USDT,25,34516.15,0.656898,34503.45,0.067352
20,1698711263283,2023-10-31T00:14:23.283Z,,BTC/USDT,26,34516.29,0.044465,34503.02,0.003482
20,1698711263283,2023-10-31T00:14:23.283Z,,BTC/USDT,27,34516.64,0.028977,34502.79,0.12
20,1698711263283,2023-10-31T00:14:23.283Z,,BTC/USDT,28,34517.3,0.011186,34502.67,0.079999
20,1698711263283,2023-10-31T00:14:23.283Z,,BTC/USDT,29,34517.45,0.031076,34502.66,0.028983
20,1698711263283,2023-10-31T00:14:23.283Z,,BTC/USDT,30,34518.05,0.028978,34502.49,0.084427
20,1698711263283,2023-10-31T00:14:23.283Z,,BTC/USDT,31,34518.63,0.02749,34502.22,0.12
20,1698711263283,2023-10-31T00:14:23.283Z,,BTC/USDT,32,34519.29,0.028992,34502.0,0.1407
20,1698711263283,2023-10-31T00:14:23.283Z,,BTC/USDT,33,34520.0,0.083,34501.98,0.057
20,1698711263283,2023-10-31T00:14:23.283Z,,BTC/USDT,34,34520.62,0.115828,34501.97,0.079999
20,1698711263283,2023-10-31T00:14:23.283Z,,BTC/USDT,35,34521.5,0.011611,34501.29,0.342003
20,1698711263283,2023-10-31T00:14:23.283Z,,BTC/USDT,36,34521.79,6.2e-05,34501.28,0.57
20,1698711263283,2023-10-31T00:14:23.283Z,,BTC/USDT,37,34521.92,0.104363,34500.87,0.003
20,1698711263283,2023-10-31T00:14:23.283Z,,BTC/USDT,38,34522.69,0.029018,34500.39,0.014495
20,1698711263283,2023-10-31T00:14:23.283Z,,BTC/USDT,39,34522.99,0.3,34500.08,0.079999
20,1698711263283,2023-10-31T00:14:23.283Z,,BTC/USDT,40,34523.0,0.467966,34500.0,0.1407
20,1698711263283,2023-10-31T00:14:23.283Z,,BTC/USDT,41,34523.1,1.735777,34499.87,0.155795
20,1698711263283,2023-10-31T00:14:23.283Z,,BTC/USDT,42,34523.11,0.057932,34499.53,0.06582
20,1698711263283,2023-10-31T00:14:23.283Z,,BTC/USDT,43,34523.3,2.9002,34499.46,0.031426
20,1698711263283,2023-10-31T00:14:23.283Z,,BTC/USDT,44,34523.95,0.015119,34499.39,0.109692
20,1698711263283,2023-10-31T00:14:23.283Z,,BTC/USDT,45,34526.08,0.274093,34498.91,0.011558
20,1698711263283,2023-10-31T00:14:23.283Z,,BTC/USDT,46,34526.77,0.456819,34498.0,0.1407
20,1698711263283,2023-10-31T00:14:23.283Z,,BTC/USDT,47,34527.28,1.15911,34497.72,0.079999
20,1698711263283,2023-10-31T00:14:23.283Z,,BTC/USDT,48,34527.4,0.3,34497.31,0.043027
20,1698711263283,2023-10-31T00:14:23.283Z,,BTC/USDT,49,34528.09,0.289509,34496.91,0.115908
20,1698711263283,2023-10-31T00:14:23.283Z,,BTC/USDT,50,34529.38,0.041283,34496.88,0.695476
21,1698711263303,2023-10-31T00:14:23.303Z,,BTC/USDT,1,34509.15,0.626998,34509.14,0.588605
21,1698711263303,2023-10-31T00:14:23.303Z,,BTC/USDT,2,34509.39,0.022973,34508.79,0.014744
21,1698711263303,2023-10-31T00:14:23.303Z,,BTC/USDT,3,34509.84,0.007372,34508.57,0.12
21,1698711263303,2023-10-31T00:14:23.303Z,,BTC/USDT,4,34509.99,0.124327,34508.44,0.514744
21,1698711263303,2023-10-31T00:14:23.303Z,,BTC/USDT,5,34510.0,0.2217,34508.0,0.1407
21,1698711263303,2023-10-31T00:14:23.303Z,,BTC/USDT,6,34510.75,0.05,34507.88,0.12
21,1698711263303,2023-10-31T00:14:23.303Z,,BTC/USDT,7,34510.78,0.03,34507.76,0.086898
21,1698711263303,2023-10-31T00:14:23.303Z,,BTC/USDT,8,34511.53,0.000231,34507.72,0.05
21,1698711263303,2023-10-31T00:14:23.303Z,,BTC/USDT,9,34511.55,0.002878,34506.23,0.267761
21,1698711263303,2023-10-31T00:14:23.303Z,,BTC/USDT,10,34512.0,0.1407,34506.22,0.0887
21,1698711263303,2023-10-31T00:14:23.303Z,,BTC/USDT,11,34513.2,0.342005,34506.0,0.1407
21,1698711263303,2023-10-31T00:14:23.303Z,,BTC/USDT,12,34513.23,0.57,34505.89,0.045548
21,1698711263303,2023-10-31T00:14:23.303Z,,BTC/USDT,13,34514.0,0.1407,34505.57,0.08278
21,1698711263303,2023-10-31T00:14:23.303Z,,BTC/USDT,14,34514.48,0.162209,34505.56,0.088534
21,1698711263303,2023-10-31T00:14:23.303Z,,BTC/USDT,15,34514.49,0.342005,34504.9,0.021231
21,1698711263303,2023-10-31T00:14:23.303Z,,BTC/USDT,16,34514.66,0.072865,34504.89,0.56
21,1698711263303,2023-10-31T00:14:23.303Z,,BTC/USDT,17,34514.67,0.003,34504.66,0.044728
21,1698711263303,2023-10-31T00:14:23.303Z,,BTC/USDT,18,34514.94,0.004915,34504.31,0.022634
21,1698711263303,2023-10-31T00:14:23.303Z,,BTC/USDT,19,34514.95,0.57,34504.04,0.028977
21,1698711263303,2023-10-31T00:14:23.303Z,,BTC/USDT,20,34515.2,0.014605,34504.02,0.004764
21,1698711263303,2023-10-31T00:14:23.303Z,,BTC/USDT,21,34515.71,0.022,34504.01,0.429603
21,1698711263303,2023-10-31T00:14:23.303Z,,BTC/USDT,22,34515.99,0.1,34504.0,0.1407
21,1698711263303,2023-10-31T00:14:23.303Z,,BTC/USDT,23,34516.14,0.394141,34503.51,0.57
21,1698711263303,2023-10-31T00:14:23.303Z,,BTC/USDT,24,34516.15,0.656898,34503.46,0.001741
21,1698711263303,2023-10-31T00:14:23.303Z,,BTC/USDT,25,34516.29,0.044465,34503.45,0.067352
21,1698711263303,2023-10-31T00:14:23.303Z,,BTC/USDT,26,34516.64,0.028977,34503.02,0.003482
21,1698711263303,2023-10-31T00:14:23.303Z,,BTC/USDT,27,34517.3,0.011186,34502.79,0.12
21,1698711263303,2023-10-31T00:14:23.303Z,,BTC/USDT,28,34517.45,0.031076,34502.67,0.079999
21,1698711263303,2023-10-31T00:14:23.303Z,,BTC/USDT,29,34518.05,0.028978,34502.66,0.028983
21,1698711263303,2023-10-31T00:14:23.303Z,,BTC/USDT,30,34518.63,0.02749,34502.49,0.084427
21,1698711263303,2023-10-31T00:14:23.303Z,,BTC/USDT,31,34519.29,0.028992,34502.22,0.12
21,1698711263303,2023-10-31T00:14:23.303Z,,BTC/USDT,32,34520.0,0.083,34502.0,0.1407
21,1698711263303,2023-10-31T00:14:23.303Z,,BTC/USDT,33,34520.62,0.115828,34501.98,0.057
21,1698711263303,2023-10-31T00:14:23.303Z,,BTC/USDT,34,34521.5,0.011611,34501.97,0.079999
21,1698711263303,2023-10-31T00:14:23.303Z,,BTC/USDT,35,34521.79,6.2e-05,34501.29,0.342003
21,1698711263303,2023-10-31T00:14:23.303Z,,BTC/USDT,36,34521.92,0.104363,34501.28,0.57
21,1698711263303,2023-10-31T00:14:23.303Z,,BTC/USDT,37,34522.69,0.029018,34500.87,0.003
21,1698711263303,2023-10-31T00:14:23.303Z,,BTC/USDT,38,34522.99,0.3,34500.39,0.014495
21,1698711263303,2023-10-31T00:14:23.303Z,,BTC/USDT,39,34523.0,0.467966,34500.08,0.079999
21,1698711263303,2023-10-31T00:14:23.303Z,,BTC/USDT,40,34523.1,1.735777,34500.0,0.1407
21,1698711263303,2023-10-31T00:14:23.303Z,,BTC/USDT,41,34523.11,0.057932,34499.87,0.155795
21,1698711263303,2023-10-31T00:14:23.303Z,,BTC/USDT,42,34523.3,2.9002,34499.53,0.06582
21,1698711263303,2023-10-31T00:14:23.303Z,,BTC/USDT,43,34523.95,0.015119,34499.46,0.031426
21,1698711263303,2023-10-31T00:14:23.303Z,,BTC/USDT,44,34526.08,0.274093,34499.39,0.109692
21,1698711263303,2023-10-31T00:14:23.303Z,,BTC/USDT,45,34526.77,0.456819,34498.91,0.011558
21,1698711263303,2023-10-31T00:14:23.303Z,,BTC/USDT,46,34527.28,1.15911,34498.0,0.1407
21,1698711263303,2023-10-31T00:14:23.303Z,,BTC/USDT,47,34527.4,0.3,34497.72,0.079999
21,1698711263303,2023-10-31T00:14:23.303Z,,BTC/USDT,48,34528.09,0.289509,34497.31,0.043027
21,1698711263303,2023-10-31T00:14:23.303Z,,BTC/USDT,49,34529.38,0.041283,34496.91,0.115908
21,1698711263303,2023-10-31T00:14:23.303Z,,BTC/USDT,50,34530.0,0.081,34496.88,0.695476
22,1698711263443,2023-10-31T00:14:23.443Z,,BTC/USDT,1,34509.15,0.626998,34509.14,0.588605
22,1698711263443,2023-10-31T00:14:23.443Z,,BTC/USDT,2,34509.39,0.022973,34508.79,0.014744
22,1698711263443,2023-10-31T00:14:23.443Z,,BTC/USDT,3,34509.84,0.007372,34508.57,0.12
22,1698711263443,2023-10-31T00:14:23.443Z,,BTC/USDT,4,34509.99,0.124327,34508.44,0.514744
22,1698711263443,2023-10-31T00:14:23.443Z,,BTC/USDT,5,34510.0,0.2217,34508.0,0.1407
22,1698711263443,2023-10-31T00:14:23.443Z,,BTC/USDT,6,34510.75,0.05,34507.88,0.12
22,1698711263443,2023-10-31T00:14:23.443Z,,BTC/USDT,7,34510.78,0.03,34507.76,0.086898
22,1698711263443,2023-10-31T00:14:23.443Z,,BTC/USDT,8,34511.53,0.000231,34507.72,0.05
22,1698711263443,2023-10-31T00:14:23.443Z,,BTC/USDT,9,34511.54,0.115859,34506.23,0.267761
22,1698711263443,2023-10-31T00:14:23.443Z,,BTC/USDT,10,34511.55,0.002878,34506.22,0.0887
22,1698711263443,2023-10-31T00:14:23.443Z,,BTC/USDT,11,34512.0,0.1407,34506.0,0.1407
22,1698711263443,2023-10-31T00:14:23.443Z,,BTC/USDT,12,34513.2,0.342005,34505.98,0.115877
22,1698711263443,2023-10-31T00:14:23.443Z,,BTC/USDT,13,34513.23,0.57,34505.89,0.045548
22,1698711263443,2023-10-31T00:14:23.443Z,,BTC/USDT,14,34514.0,0.1407,34505.57,0.08278
22,1698711263443,2023-10-31T00:14:23.443Z,,BTC/USDT,15,34514.48,0.162209,34505.56,0.088534
22,1698711263443,2023-10-31T00:14:23.443Z,,BTC/USDT,16,34514.49,0.342005,34504.9,0.021231
22,1698711263443,2023-10-31T00:14:23.443Z,,BTC/USDT,17,34514.66,0.072865,34504.89,0.56
22,1698711263443,2023-10-31T00:14:23.443Z,,BTC/USDT,18,34514.67,0.003,34504.66,0.044728
22,1698711263443,2023-10-31T00:14:23.443Z,,BTC/USDT,19,34514.94,0.004915,34504.31,0.022634
22,1698711263443,2023-10-31T00:14:23.443Z,,BTC/USDT,20,34514.95,0.57,34504.04,0.028977
22,1698711263443,2023-10-31T00:14:23.443Z,,BTC/USDT,21,34515.2,0.014605,34504.02,0.004764
22,1698711263443,2023-10-31T00:14:23.443Z,,BTC/USDT,22,34515.71,0.022,34504.01,0.429603
22,1698711263443,2023-10-31T00:14:23.443Z,,BTC/USDT,23,34515.99,0.1,34504.0,0.1407
22,1698711263443,2023-10-31T00:14:23.443Z,,BTC/USDT,24,34516.14,0.394141,34503.51,0.57
22,1698711263443,2023-10-31T00:14:23.443Z,,BTC/USDT,25,34516.15,0.656898,34503.46,0.001741
22,1698711263443,2023-10-31T00:14:23.443Z,,BTC/USDT,26,34516.29,0.044465,34503.45,0.067352
22,1698711263443,2023-10-31T00:14:23.443Z,,BTC/USDT,27,34516.64,0.028977,34503.02,0.003482
22,1698711263443,2023-10-31T00:14:23.443Z,,BTC/USDT,28,34517.3,0.011186,34502.79,0.12
22,1698711263443,2023-10-31T00:14:23.443Z,,BTC/USDT,29,34517.45,0.031076,34502.67,0.079999
22,1698711263443,2023-10-31T00:14:23.443Z,,BTC/USDT,30,34518.05,0.028978,34502.66,0.028983
22,1698711263443,2023-10-31T00:14:23.443Z,,BTC/USDT,31,34518.63,0.02749,34502.49,0.084427
22,1698711263443,2023-10-31T00:14:23.443Z,,BTC/USDT,32,34519.29,0.028992,34502.22,0.12
22,1698711263443,2023-10-31T00:14:23.443Z,,BTC/USDT,33,34520.0,0.083,34502.0,0.1407
22,1698711263443,2023-10-31T00:14:23.443Z,,BTC/USDT,34,34520.62,0.115828,34501.98,0.057
22,1698711263443,2023-10-31T00:14:23.443Z,,BTC/USDT,35,34521.5,0.011611,34501.97,0.079999
