id,timestamp,datetime,nonce,symbol,trade_priority,ask_price,ask_volume,bid_price,bid_volume
0,1703980888276,2023-12-31T00:01:28.276Z,,BTC/USDT,1,42169.16,2.209455,42169.15,0.583961
0,1703980888276,2023-12-31T00:01:28.276Z,,BTC/USDT,2,42169.61,0.158298,42168.66,0.000592
0,1703980888276,2023-12-31T00:01:28.276Z,,BTC/USDT,3,42169.84,0.068384,42168.0,0.1098
0,1703980888276,2023-12-31T00:01:28.276Z,,BTC/USDT,4,42169.85,0.003,42167.98,0.093874
0,1703980888276,2023-12-31T00:01:28.276Z,,BTC/USDT,5,42169.9,0.036,42167.53,0.047428
0,1703980888276,2023-12-31T00:01:28.276Z,,BTC/USDT,6,42169.91,0.0015,42167.0,1.261432
0,1703980888276,2023-12-31T00:01:28.276Z,,BTC/USDT,7,42170.0,0.1098,42166.99,0.047428
0,1703980888276,2023-12-31T00:01:28.276Z,,BTC/USDT,8,42170.24,0.006,42166.65,0.047428
0,1703980888276,2023-12-31T00:01:28.276Z,,BTC/USDT,9,42170.54,0.006,42166.56,0.506
0,1703980888276,2023-12-31T00:01:28.276Z,,BTC/USDT,10,42171.0,0.000198,42166.26,0.047428
0,1703980888276,2023-12-31T00:01:28.276Z,,BTC/USDT,11,42171.99,0.267956,42166.21,0.068391
0,1703980888276,2023-12-31T00:01:28.276Z,,BTC/USDT,12,42172.0,0.123194,42166.16,0.006
0,1703980888276,2023-12-31T00:01:28.276Z,,BTC/USDT,13,42172.91,0.0015,42166.01,0.238819
0,1703980888276,2023-12-31T00:01:28.276Z,,BTC/USDT,14,42172.97,0.175183,42166.0,0.1098
0,1703980888276,2023-12-31T00:01:28.276Z,,BTC/USDT,15,42173.0,0.0025,42165.39,0.003
0,1703980888276,2023-12-31T00:01:28.276Z,,BTC/USDT,16,42173.38,0.525,42164.98,0.023713
0,1703980888276,2023-12-31T00:01:28.276Z,,BTC/USDT,17,42174.43,0.594893,42164.75,0.00451
0,1703980888276,2023-12-31T00:01:28.276Z,,BTC/USDT,18,42174.88,0.023713,42164.74,0.011857
0,1703980888276,2023-12-31T00:01:28.276Z,,BTC/USDT,19,42175.13,0.011857,42164.01,1.149545
0,1703980888276,2023-12-31T00:01:28.276Z,,BTC/USDT,20,42175.36,0.004934,42164.0,0.1098
0,1703980888276,2023-12-31T00:01:28.276Z,,BTC/USDT,21,42175.37,0.15765,42163.91,0.0015
0,1703980888276,2023-12-31T00:01:28.276Z,,BTC/USDT,22,42175.91,0.0015,42163.83,0.528525
0,1703980888276,2023-12-31T00:01:28.276Z,,BTC/USDT,23,42176.0,0.0024,42162.8,0.10556
0,1703980888276,2023-12-31T00:01:28.276Z,,BTC/USDT,24,42177.0,0.002928,42162.18,0.711438
0,1703980888276,2023-12-31T00:01:28.276Z,,BTC/USDT,25,42177.34,1.239255,42162.12,0.116788
0,1703980888276,2023-12-31T00:01:28.276Z,,BTC/USDT,26,42177.35,0.569772,42162.0,0.1098
0,1703980888276,2023-12-31T00:01:28.276Z,,BTC/USDT,27,42177.46,0.034978,42161.99,0.029002
0,1703980888276,2023-12-31T00:01:28.276Z,,BTC/USDT,28,42177.52,0.105049,42161.73,0.273595
0,1703980888276,2023-12-31T00:01:28.276Z,,BTC/USDT,29,42178.19,0.009501,42161.06,1.068402
0,1703980888276,2023-12-31T00:01:28.276Z,,BTC/USDT,30,42178.91,0.0015,42160.91,0.0015
0,1703980888276,2023-12-31T00:01:28.276Z,,BTC/USDT,31,42179.23,0.525,42160.71,0.525
0,1703980888276,2023-12-31T00:01:28.276Z,,BTC/USDT,32,42179.27,0.036676,42160.0,0.1098
0,1703980888276,2023-12-31T00:01:28.276Z,,BTC/USDT,33,42179.28,0.116788,42158.73,0.094875
0,1703980888276,2023-12-31T00:01:28.276Z,,BTC/USDT,34,42179.32,0.118541,42158.72,1.239824
0,1703980888276,2023-12-31T00:01:28.276Z,,BTC/USDT,35,42179.38,0.12241,42158.71,0.570033
0,1703980888276,2023-12-31T00:01:28.276Z,,BTC/USDT,36,42179.66,0.029672,42158.55,0.46052
0,1703980888276,2023-12-31T00:01:28.276Z,,BTC/USDT,37,42180.0,0.095,42158.1,0.028443
0,1703980888276,2023-12-31T00:01:28.276Z,,BTC/USDT,38,42181.19,1.143072,42158.0,0.1098
0,1703980888276,2023-12-31T00:01:28.276Z,,BTC/USDT,39,42181.2,0.11856,42157.91,0.0015
0,1703980888276,2023-12-31T00:01:28.276Z,,BTC/USDT,40,42181.54,0.525548,42157.83,0.116788
0,1703980888276,2023-12-31T00:01:28.276Z,,BTC/USDT,41,42181.82,0.476215,42157.56,0.079965
0,1703980888276,2023-12-31T00:01:28.276Z,,BTC/USDT,42,42181.91,0.0015,42156.54,0.023718
0,1703980888276,2023-12-31T00:01:28.276Z,,BTC/USDT,43,42182.79,0.078903,42156.0,0.1098
0,1703980888276,2023-12-31T00:01:28.276Z,,BTC/USDT,44,42182.8,0.47455,42155.83,0.525548
0,1703980888276,2023-12-31T00:01:28.276Z,,BTC/USDT,45,42182.95,0.068239,42154.91,0.0015
0,1703980888276,2023-12-31T00:01:28.276Z,,BTC/USDT,46,42183.0,0.000198,42154.78,0.009496
0,1703980888276,2023-12-31T00:01:28.276Z,,BTC/USDT,47,42183.14,1.025449,42154.67,1.278402
0,1703980888276,2023-12-31T00:01:28.276Z,,BTC/USDT,48,42183.49,0.525,42154.65,0.109928
0,1703980888276,2023-12-31T00:01:28.276Z,,BTC/USDT,49,42183.57,0.116788,42154.2,0.12241
0,1703980888276,2023-12-31T00:01:28.276Z,,BTC/USDT,50,42184.0,0.0024,42154.0,0.1098
1,1703980889756,2023-12-31T00:01:29.756Z,,BTC/USDT,1,42169.16,2.270735,42169.15,0.395798
1,1703980889756,2023-12-31T00:01:29.756Z,,BTC/USDT,2,42169.61,0.158298,42168.66,0.000592
1,1703980889756,2023-12-31T00:01:29.756Z,,BTC/USDT,3,42169.84,0.068384,42168.0,0.1098
1,1703980889756,2023-12-31T00:01:29.756Z,,BTC/USDT,4,42169.85,0.003,42167.53,0.047428
1,1703980889756,2023-12-31T00:01:29.756Z,,BTC/USDT,5,42169.9,0.036,42167.01,0.06
1,1703980889756,2023-12-31T00:01:29.756Z,,BTC/USDT,6,42169.91,0.0015,42167.0,1.261432
1,1703980889756,2023-12-31T00:01:29.756Z,,BTC/USDT,7,42170.0,0.1098,42166.99,0.047428
1,1703980889756,2023-12-31T00:01:29.756Z,,BTC/USDT,8,42170.24,0.006,42166.65,0.047428
1,1703980889756,2023-12-31T00:01:29.756Z,,BTC/USDT,9,42170.54,0.006,42166.57,0.028121
1,1703980889756,2023-12-31T00:01:29.756Z,,BTC/USDT,10,42171.0,0.000198,42166.56,0.506
1,1703980889756,2023-12-31T00:01:29.756Z,,BTC/USDT,11,42171.99,0.267956,42166.26,0.047428
1,1703980889756,2023-12-31T00:01:29.756Z,,BTC/USDT,12,42172.0,0.123194,42166.21,0.068391
1,1703980889756,2023-12-31T00:01:29.756Z,,BTC/USDT,13,42172.91,0.0015,42166.16,0.006
1,1703980889756,2023-12-31T00:01:29.756Z,,BTC/USDT,14,42172.97,0.175183,42166.01,0.238819
1,1703980889756,2023-12-31T00:01:29.756Z,,BTC/USDT,15,42173.0,0.0025,42166.0,0.1098
1,1703980889756,2023-12-31T00:01:29.756Z,,BTC/USDT,16,42173.33,0.274893,42165.39,0.003
1,1703980889756,2023-12-31T00:01:29.756Z,,BTC/USDT,17,42173.34,0.107862,42164.98,0.023713
1,1703980889756,2023-12-31T00:01:29.756Z,,BTC/USDT,18,42173.38,0.525,42164.9,0.098482
1,1703980889756,2023-12-31T00:01:29.756Z,,BTC/USDT,19,42174.87,0.342892,42164.75,0.00451
1,1703980889756,2023-12-31T00:01:29.756Z,,BTC/USDT,20,42174.88,0.023713,42164.74,0.011857
1,1703980889756,2023-12-31T00:01:29.756Z,,BTC/USDT,21,42175.13,0.011857,42164.01,1.149545
1,1703980889756,2023-12-31T00:01:29.756Z,,BTC/USDT,22,42175.36,0.004934,42164.0,0.1098
1,1703980889756,2023-12-31T00:01:29.756Z,,BTC/USDT,23,42175.37,0.15765,42163.91,0.0015
1,1703980889756,2023-12-31T00:01:29.756Z,,BTC/USDT,24,42175.91,0.0015,42163.83,0.528525
1,1703980889756,2023-12-31T00:01:29.756Z,,BTC/USDT,25,42176.0,0.0024,42162.8,0.10556
1,1703980889756,2023-12-31T00:01:29.756Z,,BTC/USDT,26,42177.0,0.002928,42162.19,0.000366
1,1703980889756,2023-12-31T00:01:29.756Z,,BTC/USDT,27,42177.34,1.239255,42162.18,0.711438
1,1703980889756,2023-12-31T00:01:29.756Z,,BTC/USDT,28,42177.35,0.569772,42162.12,0.116788
1,1703980889756,2023-12-31T00:01:29.756Z,,BTC/USDT,29,42177.46,0.034978,42162.01,0.595073
1,1703980889756,2023-12-31T00:01:29.756Z,,BTC/USDT,30,42178.19,0.009501,42162.0,0.1098
1,1703980889756,2023-12-31T00:01:29.756Z,,BTC/USDT,31,42178.91,0.0015,42161.99,0.029002
1,1703980889756,2023-12-31T00:01:29.756Z,,BTC/USDT,32,42179.22,1.141882,42161.73,0.273595
1,1703980889756,2023-12-31T00:01:29.756Z,,BTC/USDT,33,42179.23,0.525,42160.91,0.0015
1,1703980889756,2023-12-31T00:01:29.756Z,,BTC/USDT,34,42179.27,0.036676,42160.0,0.1098
1,1703980889756,2023-12-31T00:01:29.756Z,,BTC/USDT,35,42179.28,0.116788,42158.73,0.094877
1,1703980889756,2023-12-31T00:01:29.756Z,,BTC/USDT,36,42179.32,0.118541,42158.72,1.239824
1,1703980889756,2023-12-31T00:01:29.756Z,,BTC/USDT,37,42179.38,0.12241,42158.71,0.570033
1,1703980889756,2023-12-31T00:01:29.756Z,,BTC/USDT,38,42179.66,0.029672,42158.55,0.46052
1,1703980889756,2023-12-31T00:01:29.756Z,,BTC/USDT,39,42180.0,0.095,42158.1,0.028443
1,1703980889756,2023-12-31T00:01:29.756Z,,BTC/USDT,40,42181.19,1.143072,42158.0,0.1098
1,1703980889756,2023-12-31T00:01:29.756Z,,BTC/USDT,41,42181.2,0.11856,42157.91,0.0015
1,1703980889756,2023-12-31T00:01:29.756Z,,BTC/USDT,42,42181.54,0.525548,42157.83,0.116788
1,1703980889756,2023-12-31T00:01:29.756Z,,BTC/USDT,43,42181.82,0.476215,42157.56,0.079965
1,1703980889756,2023-12-31T00:01:29.756Z,,BTC/USDT,44,42181.91,0.0015,42156.55,1.143072
1,1703980889756,2023-12-31T00:01:29.756Z,,BTC/USDT,45,42182.79,0.078903,42156.54,0.023718
1,1703980889756,2023-12-31T00:01:29.756Z,,BTC/USDT,46,42182.8,0.47455,42156.0,0.1098
1,1703980889756,2023-12-31T00:01:29.756Z,,BTC/USDT,47,42182.95,0.068239,42155.83,0.525548
1,1703980889756,2023-12-31T00:01:29.756Z,,BTC/USDT,48,42183.0,0.000198,42154.91,0.0015
1,1703980889756,2023-12-31T00:01:29.756Z,,BTC/USDT,49,42183.14,1.025449,42154.78,0.009496
1,1703980889756,2023-12-31T00:01:29.756Z,,BTC/USDT,50,42183.49,0.525,42154.67,1.278402
2,1703980890356,2023-12-31T00:01:30.356Z,,BTC/USDT,1,42169.16,2.273735,42169.15,0.395798
2,1703980890356,2023-12-31T00:01:30.356Z,,BTC/USDT,2,42169.61,0.158298,42168.66,0.000592
2,1703980890356,2023-12-31T00:01:30.356Z,,BTC/USDT,3,42169.84,0.068384,42168.0,0.1098
2,1703980890356,2023-12-31T00:01:30.356Z,,BTC/USDT,4,42169.9,0.036,42167.53,0.047428
2,1703980890356,2023-12-31T00:01:30.356Z,,BTC/USDT,5,42169.91,0.0015,42167.01,0.06
2,1703980890356,2023-12-31T00:01:30.356Z,,BTC/USDT,6,42170.0,0.1098,42167.0,1.261432
2,1703980890356,2023-12-31T00:01:30.356Z,,BTC/USDT,7,42170.24,0.006,42166.99,0.047428
2,1703980890356,2023-12-31T00:01:30.356Z,,BTC/USDT,8,42170.54,0.006,42166.65,0.047428
2,1703980890356,2023-12-31T00:01:30.356Z,,BTC/USDT,9,42171.0,0.000198,42166.57,0.028121
2,1703980890356,2023-12-31T00:01:30.356Z,,BTC/USDT,10,42171.99,0.267956,42166.56,0.506
2,1703980890356,2023-12-31T00:01:30.356Z,,BTC/USDT,11,42172.0,0.123194,42166.26,0.047428
2,1703980890356,2023-12-31T00:01:30.356Z,,BTC/USDT,12,42172.91,0.0015,42166.21,0.068391
2,1703980890356,2023-12-31T00:01:30.356Z,,BTC/USDT,13,42172.97,0.175183,42166.16,0.006
2,1703980890356,2023-12-31T00:01:30.356Z,,BTC/USDT,14,42173.0,0.0025,42166.01,0.238819
2,1703980890356,2023-12-31T00:01:30.356Z,,BTC/USDT,15,42173.33,0.274893,42166.0,0.1098
2,1703980890356,2023-12-31T00:01:30.356Z,,BTC/USDT,16,42173.34,0.107862,42165.39,0.003
2,1703980890356,2023-12-31T00:01:30.356Z,,BTC/USDT,17,42173.38,0.525,42164.98,0.023713
2,1703980890356,2023-12-31T00:01:30.356Z,,BTC/USDT,18,42174.87,0.342892,42164.9,0.098482
2,1703980890356,2023-12-31T00:01:30.356Z,,BTC/USDT,19,42174.88,0.023713,42164.75,0.00451
2,1703980890356,2023-12-31T00:01:30.356Z,,BTC/USDT,20,42175.13,0.011857,42164.74,0.011857
2,1703980890356,2023-12-31T00:01:30.356Z,,BTC/USDT,21,42175.36,0.004934,42164.01,1.149545
2,1703980890356,2023-12-31T00:01:30.356Z,,BTC/USDT,22,42175.37,0.15765,42164.0,0.1098
2,1703980890356,2023-12-31T00:01:30.356Z,,BTC/USDT,23,42175.91,0.0015,42163.91,0.0015
2,1703980890356,2023-12-31T00:01:30.356Z,,BTC/USDT,24,42176.0,0.0024,42163.83,0.528525
2,1703980890356,2023-12-31T00:01:30.356Z,,BTC/USDT,25,42177.0,0.002928,42162.8,0.10556
2,1703980890356,2023-12-31T00:01:30.356Z,,BTC/USDT,26,42177.34,1.239255,42162.18,0.711438
2,1703980890356,2023-12-31T00:01:30.356Z,,BTC/USDT,27,42177.35,0.569772,42162.12,0.116788
2,1703980890356,2023-12-31T00:01:30.356Z,,BTC/USDT,28,42177.46,0.034978,42162.01,0.595073
2,1703980890356,2023-12-31T00:01:30.356Z,,BTC/USDT,29,42178.19,0.009501,42162.0,0.1098
2,1703980890356,2023-12-31T00:01:30.356Z,,BTC/USDT,30,42178.91,0.0015,42161.99,0.029002
2,1703980890356,2023-12-31T00:01:30.356Z,,BTC/USDT,31,42179.22,1.141882,42161.73,0.273595
2,1703980890356,2023-12-31T00:01:30.356Z,,BTC/USDT,32,42179.23,0.525,42160.91,0.0015
2,1703980890356,2023-12-31T00:01:30.356Z,,BTC/USDT,33,42179.27,0.036676,42160.0,0.1098
2,1703980890356,2023-12-31T00:01:30.356Z,,BTC/USDT,34,42179.28,0.116788,42158.73,0.094877
2,1703980890356,2023-12-31T00:01:30.356Z,,BTC/USDT,35,42179.32,0.118541,42158.72,1.239824
2,1703980890356,2023-12-31T00:01:30.356Z,,BTC/USDT,36,42179.38,0.12241,42158.71,0.570033
2,1703980890356,2023-12-31T00:01:30.356Z,,BTC/USDT,37,42179.66,0.029672,42158.55,0.46052
2,1703980890356,2023-12-31T00:01:30.356Z,,BTC/USDT,38,42180.0,0.086,42158.1,0.028443
2,1703980890356,2023-12-31T00:01:30.356Z,,BTC/USDT,39,42181.08,0.009,42158.0,0.1098
2,1703980890356,2023-12-31T00:01:30.356Z,,BTC/USDT,40,42181.19,1.143072,42157.91,0.0015
2,1703980890356,2023-12-31T00:01:30.356Z,,BTC/USDT,41,42181.2,0.11856,42157.83,0.116788
2,1703980890356,2023-12-31T00:01:30.356Z,,BTC/USDT,42,42181.54,0.525548,42157.56,0.079965
2,1703980890356,2023-12-31T00:01:30.356Z,,BTC/USDT,43,42181.82,0.476215,42156.55,1.143072
2,1703980890356,2023-12-31T00:01:30.356Z,,BTC/USDT,44,42181.91,0.0015,42156.54,0.023718
2,1703980890356,2023-12-31T00:01:30.356Z,,BTC/USDT,45,42182.79,0.078903,42156.0,0.1098
2,1703980890356,2023-12-31T00:01:30.356Z,,BTC/USDT,46,42182.8,0.47455,42155.83,0.525548
2,1703980890356,2023-12-31T00:01:30.356Z,,BTC/USDT,47,42182.95,0.068239,42154.91,0.0015
2,1703980890356,2023-12-31T00:01:30.356Z,,BTC/USDT,48,42183.0,0.000198,42154.78,0.009496
2,1703980890356,2023-12-31T00:01:30.356Z,,BTC/USDT,49,42183.14,1.025449,42154.67,1.278402
2,1703980890356,2023-12-31T00:01:30.356Z,,BTC/USDT,50,42183.49,0.525,42154.65,0.109928
3,1703980890456,2023-12-31T00:01:30.456Z,,BTC/USDT,1,42169.16,2.273735,42169.15,0.395798
3,1703980890456,2023-12-31T00:01:30.456Z,,BTC/USDT,2,42169.61,0.158298,42168.66,0.000592
3,1703980890456,2023-12-31T00:01:30.456Z,,BTC/USDT,3,42169.84,0.068384,42168.0,0.1098
3,1703980890456,2023-12-31T00:01:30.456Z,,BTC/USDT,4,42169.9,0.036,42167.53,0.047428
3,1703980890456,2023-12-31T00:01:30.456Z,,BTC/USDT,5,42169.91,0.0015,42167.01,0.06
3,1703980890456,2023-12-31T00:01:30.456Z,,BTC/USDT,6,42170.0,0.1098,42167.0,1.261432
3,1703980890456,2023-12-31T00:01:30.456Z,,BTC/USDT,7,42170.24,0.006,42166.99,0.047428
3,1703980890456,2023-12-31T00:01:30.456Z,,BTC/USDT,8,42170.54,0.006,42166.65,0.047428
3,1703980890456,2023-12-31T00:01:30.456Z,,BTC/USDT,9,42171.0,0.000198,42166.57,0.028121
3,1703980890456,2023-12-31T00:01:30.456Z,,BTC/USDT,10,42171.99,0.267956,42166.56,0.506
3,1703980890456,2023-12-31T00:01:30.456Z,,BTC/USDT,11,42172.0,0.123194,42166.26,0.047428
3,1703980890456,2023-12-31T00:01:30.456Z,,BTC/USDT,12,42172.91,0.0015,42166.21,0.068391
3,1703980890456,2023-12-31T00:01:30.456Z,,BTC/USDT,13,42172.97,0.175183,42166.16,0.006
3,1703980890456,2023-12-31T00:01:30.456Z,,BTC/USDT,14,42173.0,0.0025,42166.01,0.238819
3,1703980890456,2023-12-31T00:01:30.456Z,,BTC/USDT,15,42173.33,0.274893,42166.0,0.1098
3,1703980890456,2023-12-31T00:01:30.456Z,,BTC/USDT,16,42173.34,0.107862,42165.39,0.003
3,1703980890456,2023-12-31T00:01:30.456Z,,BTC/USDT,17,42173.38,0.525,42164.98,0.023713
3,1703980890456,2023-12-31T00:01:30.456Z,,BTC/USDT,18,42174.87,0.342892,42164.9,0.098482
3,1703980890456,2023-12-31T00:01:30.456Z,,BTC/USDT,19,42174.88,0.023713,42164.75,0.00451
3,1703980890456,2023-12-31T00:01:30.456Z,,BTC/USDT,20,42175.13,0.011857,42164.74,0.011857
3,1703980890456,2023-12-31T00:01:30.456Z,,BTC/USDT,21,42175.36,0.004934,42164.01,1.149545
3,1703980890456,2023-12-31T00:01:30.456Z,,BTC/USDT,22,42175.37,0.15765,42164.0,0.1098
3,1703980890456,2023-12-31T00:01:30.456Z,,BTC/USDT,23,42175.91,0.0015,42163.91,0.0015
3,1703980890456,2023-12-31T00:01:30.456Z,,BTC/USDT,24,42176.0,0.0024,42163.83,0.528525
3,1703980890456,2023-12-31T00:01:30.456Z,,BTC/USDT,25,42177.0,0.002928,42162.8,0.10556
3,1703980890456,2023-12-31T00:01:30.456Z,,BTC/USDT,26,42177.34,1.239255,42162.18,0.711438
3,1703980890456,2023-12-31T00:01:30.456Z,,BTC/USDT,27,42177.35,0.569772,42162.12,0.116788
3,1703980890456,2023-12-31T00:01:30.456Z,,BTC/USDT,28,42177.46,0.034978,42162.01,0.595073
3,1703980890456,2023-12-31T00:01:30.456Z,,BTC/USDT,29,42178.19,0.009501,42162.0,0.1098
3,1703980890456,2023-12-31T00:01:30.456Z,,BTC/USDT,30,42178.91,0.0015,42161.99,0.029002
3,1703980890456,2023-12-31T00:01:30.456Z,,BTC/USDT,31,42179.22,1.141882,42161.73,0.273595
3,1703980890456,2023-12-31T00:01:30.456Z,,BTC/USDT,32,42179.23,0.525,42160.91,0.0015
3,1703980890456,2023-12-31T00:01:30.456Z,,BTC/USDT,33,42179.27,0.036676,42160.0,0.1098
3,1703980890456,2023-12-31T00:01:30.456Z,,BTC/USDT,34,42179.28,0.116788,42158.73,0.094877
3,1703980890456,2023-12-31T00:01:30.456Z,,BTC/USDT,35,42179.32,0.118541,42158.72,1.239824
3,1703980890456,2023-12-31T00:01:30.456Z,,BTC/USDT,36,42179.38,0.12241,42158.71,0.570033
3,1703980890456,2023-12-31T00:01:30.456Z,,BTC/USDT,37,42179.66,0.029672,42158.55,0.46052
3,1703980890456,2023-12-31T00:01:30.456Z,,BTC/USDT,38,42180.0,0.086,42158.1,0.028443
3,1703980890456,2023-12-31T00:01:30.456Z,,BTC/USDT,39,42181.08,0.003,42158.0,0.1098
3,1703980890456,2023-12-31T00:01:30.456Z,,BTC/USDT,40,42181.19,1.143072,42157.91,0.0015
3,1703980890456,2023-12-31T00:01:30.456Z,,BTC/USDT,41,42181.2,0.11856,42157.83,0.116788
3,1703980890456,2023-12-31T00:01:30.456Z,,BTC/USDT,42,42181.54,0.525548,42157.56,0.079965
3,1703980890456,2023-12-31T00:01:30.456Z,,BTC/USDT,43,42181.82,0.476215,42156.55,1.143072
3,1703980890456,2023-12-31T00:01:30.456Z,,BTC/USDT,44,42181.91,0.0015,42156.54,0.023718
3,1703980890456,2023-12-31T00:01:30.456Z,,BTC/USDT,45,42182.79,0.078903,42156.0,0.1098
3,1703980890456,2023-12-31T00:01:30.456Z,,BTC/USDT,46,42182.8,0.47455,42155.83,0.525548
3,1703980890456,2023-12-31T00:01:30.456Z,,BTC/USDT,47,42182.95,0.068239,42154.91,0.0015
3,1703980890456,2023-12-31T00:01:30.456Z,,BTC/USDT,48,42183.0,0.000198,42154.78,0.009496
3,1703980890456,2023-12-31T00:01:30.456Z,,BTC/USDT,49,42183.14,1.025449,42154.67,1.278402
3,1703980890456,2023-12-31T00:01:30.456Z,,BTC/USDT,50,42183.49,0.525,42154.65,0.109928
4,1703980890656,2023-12-31T00:01:30.656Z,,BTC/USDT,1,42169.16,2.270735,42169.15,0.395798
4,1703980890656,2023-12-31T00:01:30.656Z,,BTC/USDT,2,42169.61,0.158298,42168.66,0.000592
4,1703980890656,2023-12-31T00:01:30.656Z,,BTC/USDT,3,42169.84,0.068384,42168.0,0.1098
4,1703980890656,2023-12-31T00:01:30.656Z,,BTC/USDT,4,42169.9,0.036,42167.01,0.06
4,1703980890656,2023-12-31T00:01:30.656Z,,BTC/USDT,5,42169.91,0.0015,42167.0,1.261432
4,1703980890656,2023-12-31T00:01:30.656Z,,BTC/USDT,6,42170.0,0.1098,42166.99,0.047428
4,1703980890656,2023-12-31T00:01:30.656Z,,BTC/USDT,7,42170.24,0.006,42166.65,0.047428
4,1703980890656,2023-12-31T00:01:30.656Z,,BTC/USDT,8,42170.54,0.006,42166.57,0.028121
4,1703980890656,2023-12-31T00:01:30.656Z,,BTC/USDT,9,42171.0,0.000198,42166.56,0.506
4,1703980890656,2023-12-31T00:01:30.656Z,,BTC/USDT,10,42171.99,0.267956,42166.26,0.047428
4,1703980890656,2023-12-31T00:01:30.656Z,,BTC/USDT,11,42172.0,0.123194,42166.21,0.068391
4,1703980890656,2023-12-31T00:01:30.656Z,,BTC/USDT,12,42172.91,0.0015,42166.16,0.006
4,1703980890656,2023-12-31T00:01:30.656Z,,BTC/USDT,13,42172.97,0.175183,42166.01,0.238819
4,1703980890656,2023-12-31T00:01:30.656Z,,BTC/USDT,14,42173.0,0.0025,42166.0,0.1098
4,1703980890656,2023-12-31T00:01:30.656Z,,BTC/USDT,15,42173.33,0.274893,42165.39,0.003
4,1703980890656,2023-12-31T00:01:30.656Z,,BTC/USDT,16,42173.34,0.107862,42164.98,0.023713
4,1703980890656,2023-12-31T00:01:30.656Z,,BTC/USDT,17,42173.38,0.525,42164.9,0.098482
4,1703980890656,2023-12-31T00:01:30.656Z,,BTC/USDT,18,42174.87,0.342892,42164.75,0.00451
4,1703980890656,2023-12-31T00:01:30.656Z,,BTC/USDT,19,42174.88,0.023713,42164.74,0.011857
4,1703980890656,2023-12-31T00:01:30.656Z,,BTC/USDT,20,42175.13,0.011857,42164.01,1.149545
4,1703980890656,2023-12-31T00:01:30.656Z,,BTC/USDT,21,42175.36,0.004934,42164.0,0.1098
4,1703980890656,2023-12-31T00:01:30.656Z,,BTC/USDT,22,42175.37,0.15765,42163.91,0.0015
4,1703980890656,2023-12-31T00:01:30.656Z,,BTC/USDT,23,42175.91,0.0015,42163.83,0.528525
4,1703980890656,2023-12-31T00:01:30.656Z,,BTC/USDT,24,42176.0,0.0024,42162.8,0.10556
4,1703980890656,2023-12-31T00:01:30.656Z,,BTC/USDT,25,42177.0,0.002928,42162.18,0.711438
4,1703980890656,2023-12-31T00:01:30.656Z,,BTC/USDT,26,42177.34,1.239255,42162.12,0.116788
4,1703980890656,2023-12-31T00:01:30.656Z,,BTC/USDT,27,42177.35,0.569772,42162.01,0.595073
4,1703980890656,2023-12-31T00:01:30.656Z,,BTC/USDT,28,42177.46,0.034978,42162.0,0.1098
4,1703980890656,2023-12-31T00:01:30.656Z,,BTC/USDT,29,42178.19,0.009501,42161.99,0.029002
4,1703980890656,2023-12-31T00:01:30.656Z,,BTC/USDT,30,42178.91,0.0015,42161.73,0.273595
4,1703980890656,2023-12-31T00:01:30.656Z,,BTC/USDT,31,42179.22,1.141882,42160.91,0.0015
4,1703980890656,2023-12-31T00:01:30.656Z,,BTC/USDT,32,42179.23,0.525,42160.0,0.1098
4,1703980890656,2023-12-31T00:01:30.656Z,,BTC/USDT,33,42179.27,0.036676,42158.73,0.094877
4,1703980890656,2023-12-31T00:01:30.656Z,,BTC/USDT,34,42179.28,0.116788,42158.72,1.239824
4,1703980890656,2023-12-31T00:01:30.656Z,,BTC/USDT,35,42179.32,0.118541,42158.71,0.570033
4,1703980890656,2023-12-31T00:01:30.656Z,,BTC/USDT,36,42179.38,0.12241,42158.55,0.46052
4,1703980890656,2023-12-31T00:01:30.656Z,,BTC/USDT,37,42179.66,0.029672,42158.1,0.028443
4,1703980890656,2023-12-31T00:01:30.656Z,,BTC/USDT,38,42180.0,0.086,42158.0,0.1098
4,1703980890656,2023-12-31T00:01:30.656Z,,BTC/USDT,39,42181.19,1.143072,42157.91,0.0015
4,1703980890656,2023-12-31T00:01:30.656Z,,BTC/USDT,40,42181.2,0.11856,42157.83,0.116788
4,1703980890656,2023-12-31T00:01:30.656Z,,BTC/USDT,41,42181.54,0.525548,42157.56,0.079965
4,1703980890656,2023-12-31T00:01:30.656Z,,BTC/USDT,42,42181.82,0.476215,42156.55,1.143072
4,1703980890656,2023-12-31T00:01:30.656Z,,BTC/USDT,43,42181.91,0.0015,42156.54,0.023718
4,1703980890656,2023-12-31T00:01:30.656Z,,BTC/USDT,44,42182.79,0.078903,42156.0,0.1098
4,1703980890656,2023-12-31T00:01:30.656Z,,BTC/USDT,45,42182.8,0.47455,42155.83,0.525548
4,1703980890656,2023-12-31T00:01:30.656Z,,BTC/USDT,46,42182.95,0.068239,42154.91,0.0015
4,1703980890656,2023-12-31T00:01:30.656Z,,BTC/USDT,47,42183.0,0.000198,42154.78,0.009496
4,1703980890656,2023-12-31T00:01:30.656Z,,BTC/USDT,48,42183.14,1.025449,42154.67,1.278402
4,1703980890656,2023-12-31T00:01:30.656Z,,BTC/USDT,49,42183.49,0.525,42154.65,0.109928
4,1703980890656,2023-12-31T00:01:30.656Z,,BTC/USDT,50,42183.57,0.116788,42154.2,0.12241
5,1703980890676,2023-12-31T00:01:30.676Z,,BTC/USDT,1,42169.16,2.270735,42169.15,0.27082
5,1703980890676,2023-12-31T00:01:30.676Z,,BTC/USDT,2,42169.61,0.158298,42168.66,0.000592
5,1703980890676,2023-12-31T00:01:30.676Z,,BTC/USDT,3,42169.84,0.068384,42168.0,0.1098
5,1703980890676,2023-12-31T00:01:30.676Z,,BTC/USDT,4,42169.9,0.036,42167.01,0.06
5,1703980890676,2023-12-31T00:01:30.676Z,,BTC/USDT,5,42169.91,0.0015,42167.0,1.261432
5,1703980890676,2023-12-31T00:01:30.676Z,,BTC/USDT,6,42170.0,0.1098,42166.99,0.047428
5,1703980890676,2023-12-31T00:01:30.676Z,,BTC/USDT,7,42170.24,0.006,42166.65,0.047428
5,1703980890676,2023-12-31T00:01:30.676Z,,BTC/USDT,8,42170.54,0.006,42166.57,0.028121
5,1703980890676,2023-12-31T00:01:30.676Z,,BTC/USDT,9,42171.0,0.000198,42166.56,0.506
5,1703980890676,2023-12-31T00:01:30.676Z,,BTC/USDT,10,42171.99,0.267956,42166.26,0.047428
5,1703980890676,2023-12-31T00:01:30.676Z,,BTC/USDT,11,42172.0,0.123194,42166.21,0.068391
5,1703980890676,2023-12-31T00:01:30.676Z,,BTC/USDT,12,42172.91,0.0015,42166.16,0.006
5,1703980890676,2023-12-31T00:01:30.676Z,,BTC/USDT,13,42172.97,0.175183,42166.01,0.238819
5,1703980890676,2023-12-31T00:01:30.676Z,,BTC/USDT,14,42173.0,0.0025,42166.0,0.1098
5,1703980890676,2023-12-31T00:01:30.676Z,,BTC/USDT,15,42173.33,0.274893,42165.39,0.003
5,1703980890676,2023-12-31T00:01:30.676Z,,BTC/USDT,16,42173.34,0.107862,42164.98,0.023713
5,1703980890676,2023-12-31T00:01:30.676Z,,BTC/USDT,17,42173.38,0.525,42164.9,0.098482
5,1703980890676,2023-12-31T00:01:30.676Z,,BTC/USDT,18,42174.87,0.342892,42164.75,0.00451
5,1703980890676,2023-12-31T00:01:30.676Z,,BTC/USDT,19,42174.88,0.023713,42164.74,0.011857
5,1703980890676,2023-12-31T00:01:30.676Z,,BTC/USDT,20,42175.13,0.011857,42164.01,1.149545
5,1703980890676,2023-12-31T00:01:30.676Z,,BTC/USDT,21,42175.36,0.004934,42164.0,0.1098
5,1703980890676,2023-12-31T00:01:30.676Z,,BTC/USDT,22,42175.37,0.15765,42163.91,0.0015
5,1703980890676,2023-12-31T00:01:30.676Z,,BTC/USDT,23,42175.91,0.0015,42163.83,0.528525
5,1703980890676,2023-12-31T00:01:30.676Z,,BTC/USDT,24,42176.0,0.0024,42162.8,0.10556
5,1703980890676,2023-12-31T00:01:30.676Z,,BTC/USDT,25,42177.0,0.002928,42162.18,0.711438
5,1703980890676,2023-12-31T00:01:30.676Z,,BTC/USDT,26,42177.34,1.239255,42162.12,0.116788
5,1703980890676,2023-12-31T00:01:30.676Z,,BTC/USDT,27,42177.35,0.569772,42162.01,0.595073
5,1703980890676,2023-12-31T00:01:30.676Z,,BTC/USDT,28,42177.46,0.034978,42162.0,0.1098
5,1703980890676,2023-12-31T00:01:30.676Z,,BTC/USDT,29,42178.19,0.009501,42161.99,0.029002
5,1703980890676,2023-12-31T00:01:30.676Z,,BTC/USDT,30,42178.91,0.0015,42161.73,0.273595
5,1703980890676,2023-12-31T00:01:30.676Z,,BTC/USDT,31,42179.22,1.141882,42160.91,0.0015
5,1703980890676,2023-12-31T00:01:30.676Z,,BTC/USDT,32,42179.23,0.525,42160.0,0.1098
5,1703980890676,2023-12-31T00:01:30.676Z,,BTC/USDT,33,42179.27,0.036676,42158.73,0.094877
5,1703980890676,2023-12-31T00:01:30.676Z,,BTC/USDT,34,42179.28,0.116788,42158.72,1.239824
5,1703980890676,2023-12-31T00:01:30.676Z,,BTC/USDT,35,42179.32,0.118541,42158.71,0.570033
5,1703980890676,2023-12-31T00:01:30.676Z,,BTC/USDT,36,42179.38,0.12241,42158.55,0.46052
5,1703980890676,2023-12-31T00:01:30.676Z,,BTC/USDT,37,42179.66,0.029672,42158.1,0.028443
5,1703980890676,2023-12-31T00:01:30.676Z,,BTC/USDT,38,42180.0,0.086,42158.0,0.1098
5,1703980890676,2023-12-31T00:01:30.676Z,,BTC/USDT,39,42181.19,1.143072,42157.91,0.0015
5,1703980890676,2023-12-31T00:01:30.676Z,,BTC/USDT,40,42181.2,0.11856,42157.83,0.116788
5,1703980890676,2023-12-31T00:01:30.676Z,,BTC/USDT,41,42181.54,0.525548,42157.56,0.079965
5,1703980890676,2023-12-31T00:01:30.676Z,,BTC/USDT,42,42181.82,0.476215,42156.55,1.143072
5,1703980890676,2023-12-31T00:01:30.676Z,,BTC/USDT,43,42181.91,0.0015,42156.54,0.023718
5,1703980890676,2023-12-31T00:01:30.676Z,,BTC/USDT,44,42182.79,0.078903,42156.0,0.1098
5,1703980890676,2023-12-31T00:01:30.676Z,,BTC/USDT,45,42182.8,0.47455,42155.83,0.525548
5,1703980890676,2023-12-31T00:01:30.676Z,,BTC/USDT,46,42182.95,0.068239,42154.91,0.0015
5,1703980890676,2023-12-31T00:01:30.676Z,,BTC/USDT,47,42183.0,0.000198,42154.78,0.009496
5,1703980890676,2023-12-31T00:01:30.676Z,,BTC/USDT,48,42183.14,1.025449,42154.67,1.278402
5,1703980890676,2023-12-31T00:01:30.676Z,,BTC/USDT,49,42183.49,0.525,42154.65,0.109928
5,1703980890676,2023-12-31T00:01:30.676Z,,BTC/USDT,50,42183.57,0.116788,42154.2,0.12241
6,1703980890776,2023-12-31T00:01:30.776Z,,BTC/USDT,1,42169.16,2.270076,42169.15,0.57082
6,1703980890776,2023-12-31T00:01:30.776Z,,BTC/USDT,2,42169.61,0.158298,42168.66,0.000592
6,1703980890776,2023-12-31T00:01:30.776Z,,BTC/USDT,3,42169.84,0.068384,42168.0,0.1098
6,1703980890776,2023-12-31T00:01:30.776Z,,BTC/USDT,4,42169.9,0.036,42167.01,0.06
6,1703980890776,2023-12-31T00:01:30.776Z,,BTC/USDT,5,42169.91,0.0015,42167.0,1.261432
6,1703980890776,2023-12-31T00:01:30.776Z,,BTC/USDT,6,42170.0,0.1098,42166.99,0.047428
6,1703980890776,2023-12-31T00:01:30.776Z,,BTC/USDT,7,42170.24,0.006,42166.57,0.028121
6,1703980890776,2023-12-31T00:01:30.776Z,,BTC/USDT,8,42170.54,0.006,42166.56,0.506
6,1703980890776,2023-12-31T00:01:30.776Z,,BTC/USDT,9,42171.0,0.000198,42166.26,0.047428
6,1703980890776,2023-12-31T00:01:30.776Z,,BTC/USDT,10,42171.99,0.267956,42166.21,0.068391
6,1703980890776,2023-12-31T00:01:30.776Z,,BTC/USDT,11,42172.0,0.123194,42166.16,0.006
6,1703980890776,2023-12-31T00:01:30.776Z,,BTC/USDT,12,42172.91,0.0015,42166.01,0.238819
6,1703980890776,2023-12-31T00:01:30.776Z,,BTC/USDT,13,42172.97,0.175183,42166.0,0.1098
6,1703980890776,2023-12-31T00:01:30.776Z,,BTC/USDT,14,42173.0,0.0025,42165.39,0.003
6,1703980890776,2023-12-31T00:01:30.776Z,,BTC/USDT,15,42173.33,0.600474,42164.98,0.023713
6,1703980890776,2023-12-31T00:01:30.776Z,,BTC/USDT,16,42173.34,0.107862,42164.9,0.098482
6,1703980890776,2023-12-31T00:01:30.776Z,,BTC/USDT,17,42173.38,0.525,42164.75,0.00451
6,1703980890776,2023-12-31T00:01:30.776Z,,BTC/USDT,18,42173.89,0.276079,42164.74,0.011857
6,1703980890776,2023-12-31T00:01:30.776Z,,BTC/USDT,19,42174.88,0.023713,42164.01,1.149545
6,1703980890776,2023-12-31T00:01:30.776Z,,BTC/USDT,20,42175.13,0.011857,42164.0,0.1098
6,1703980890776,2023-12-31T00:01:30.776Z,,BTC/USDT,21,42175.36,0.004934,42163.91,0.0015
6,1703980890776,2023-12-31T00:01:30.776Z,,BTC/USDT,22,42175.37,0.15765,42163.83,0.528525
6,1703980890776,2023-12-31T00:01:30.776Z,,BTC/USDT,23,42175.91,0.0015,42162.8,0.10556
6,1703980890776,2023-12-31T00:01:30.776Z,,BTC/USDT,24,42176.0,0.0024,42162.47,0.276154
6,1703980890776,2023-12-31T00:01:30.776Z,,BTC/USDT,25,42177.0,0.002928,42162.18,0.711438
6,1703980890776,2023-12-31T00:01:30.776Z,,BTC/USDT,26,42177.34,1.239255,42162.12,0.116788
6,1703980890776,2023-12-31T00:01:30.776Z,,BTC/USDT,27,42177.35,0.569772,42162.01,0.238816
6,1703980890776,2023-12-31T00:01:30.776Z,,BTC/USDT,28,42177.46,0.034978,42162.0,0.1098
6,1703980890776,2023-12-31T00:01:30.776Z,,BTC/USDT,29,42178.19,0.009501,42161.99,0.029002
6,1703980890776,2023-12-31T00:01:30.776Z,,BTC/USDT,30,42178.91,0.0015,42160.91,0.0015
6,1703980890776,2023-12-31T00:01:30.776Z,,BTC/USDT,31,42179.22,1.141882,42160.0,0.1098
6,1703980890776,2023-12-31T00:01:30.776Z,,BTC/USDT,32,42179.23,0.525,42158.73,0.094877
6,1703980890776,2023-12-31T00:01:30.776Z,,BTC/USDT,33,42179.27,0.036676,42158.72,1.239824
6,1703980890776,2023-12-31T00:01:30.776Z,,BTC/USDT,34,42179.28,0.116788,42158.71,0.570033
6,1703980890776,2023-12-31T00:01:30.776Z,,BTC/USDT,35,42179.32,0.118541,42158.55,0.46052
6,1703980890776,2023-12-31T00:01:30.776Z,,BTC/USDT,36,42179.38,0.12241,42158.1,0.028443
6,1703980890776,2023-12-31T00:01:30.776Z,,BTC/USDT,37,42179.66,0.029672,42158.0,0.1098
6,1703980890776,2023-12-31T00:01:30.776Z,,BTC/USDT,38,42180.0,0.086,42157.91,0.0015
6,1703980890776,2023-12-31T00:01:30.776Z,,BTC/USDT,39,42181.19,1.143072,42157.83,0.116788
6,1703980890776,2023-12-31T00:01:30.776Z,,BTC/USDT,40,42181.2,0.11856,42157.56,0.079965
6,1703980890776,2023-12-31T00:01:30.776Z,,BTC/USDT,41,42181.54,0.525548,42156.55,1.143072
6,1703980890776,2023-12-31T00:01:30.776Z,,BTC/USDT,42,42181.82,0.476215,42156.54,0.023718
6,1703980890776,2023-12-31T00:01:30.776Z,,BTC/USDT,43,42181.91,0.0015,42156.0,0.1098
6,1703980890776,2023-12-31T00:01:30.776Z,,BTC/USDT,44,42182.79,0.078903,42155.83,0.525548
6,1703980890776,2023-12-31T00:01:30.776Z,,BTC/USDT,45,42182.8,0.47455,42154.91,0.0015
6,1703980890776,2023-12-31T00:01:30.776Z,,BTC/USDT,46,42182.95,0.068239,42154.78,0.009496
6,1703980890776,2023-12-31T00:01:30.776Z,,BTC/USDT,47,42183.0,0.000198,42154.67,1.278402
6,1703980890776,2023-12-31T00:01:30.776Z,,BTC/USDT,48,42183.14,1.025449,42154.65,0.109928
6,1703980890776,2023-12-31T00:01:30.776Z,,BTC/USDT,49,42183.49,0.525,42154.2,0.12241
6,1703980890776,2023-12-31T00:01:30.776Z,,BTC/USDT,50,42183.57,0.116788,42154.0,0.1098
7,1703980891296,2023-12-31T00:01:31.296Z,,BTC/USDT,1,42169.16,2.270076,42169.15,0.27082
7,1703980891296,2023-12-31T00:01:31.296Z,,BTC/USDT,2,42169.61,0.158298,42168.66,0.000592
7,1703980891296,2023-12-31T00:01:31.296Z,,BTC/USDT,3,42169.84,0.068384,42168.0,0.1098
7,1703980891296,2023-12-31T00:01:31.296Z,,BTC/USDT,4,42169.9,0.036,42167.02,0.3
7,1703980891296,2023-12-31T00:01:31.296Z,,BTC/USDT,5,42169.91,0.0015,42167.01,0.06
7,1703980891296,2023-12-31T00:01:31.296Z,,BTC/USDT,6,42170.0,0.1098,42167.0,1.261432
7,1703980891296,2023-12-31T00:01:31.296Z,,BTC/USDT,7,42170.24,0.006,42166.99,0.047428
7,1703980891296,2023-12-31T00:01:31.296Z,,BTC/USDT,8,42170.54,0.006,42166.57,0.028121
7,1703980891296,2023-12-31T00:01:31.296Z,,BTC/USDT,9,42171.0,0.000198,42166.56,0.506
7,1703980891296,2023-12-31T00:01:31.296Z,,BTC/USDT,10,42171.04,0.023713,42166.26,0.047428
7,1703980891296,2023-12-31T00:01:31.296Z,,BTC/USDT,11,42171.99,0.267956,42166.21,0.068391
7,1703980891296,2023-12-31T00:01:31.296Z,,BTC/USDT,12,42172.0,0.123194,42166.16,0.006
7,1703980891296,2023-12-31T00:01:31.296Z,,BTC/USDT,13,42172.91,0.0015,42166.01,0.238819
7,1703980891296,2023-12-31T00:01:31.296Z,,BTC/USDT,14,42172.97,0.175183,42166.0,0.1098
7,1703980891296,2023-12-31T00:01:31.296Z,,BTC/USDT,15,42173.0,0.0025,42165.39,0.003
7,1703980891296,2023-12-31T00:01:31.296Z,,BTC/USDT,16,42173.33,0.600474,42164.98,0.023713
7,1703980891296,2023-12-31T00:01:31.296Z,,BTC/USDT,17,42173.34,0.107862,42164.9,0.098482
7,1703980891296,2023-12-31T00:01:31.296Z,,BTC/USDT,18,42173.38,0.525,42164.75,0.00451
7,1703980891296,2023-12-31T00:01:31.296Z,,BTC/USDT,19,42173.89,0.276079,42164.74,0.011857
7,1703980891296,2023-12-31T00:01:31.296Z,,BTC/USDT,20,42174.88,0.023713,42164.01,1.149545
7,1703980891296,2023-12-31T00:01:31.296Z,,BTC/USDT,21,42175.13,0.011857,42164.0,0.1098
7,1703980891296,2023-12-31T00:01:31.296Z,,BTC/USDT,22,42175.36,0.004934,42163.91,0.0015
7,1703980891296,2023-12-31T00:01:31.296Z,,BTC/USDT,23,42175.37,0.15765,42163.83,0.528525
7,1703980891296,2023-12-31T00:01:31.296Z,,BTC/USDT,24,42175.91,0.0015,42162.8,0.10556
7,1703980891296,2023-12-31T00:01:31.296Z,,BTC/USDT,25,42176.0,0.0024,42162.48,0.000261
7,1703980891296,2023-12-31T00:01:31.296Z,,BTC/USDT,26,42177.0,0.002928,42162.47,0.276154
7,1703980891296,2023-12-31T00:01:31.296Z,,BTC/USDT,27,42177.34,1.239255,42162.18,0.711438
7,1703980891296,2023-12-31T00:01:31.296Z,,BTC/USDT,28,42177.35,0.569772,42162.12,0.116788
7,1703980891296,2023-12-31T00:01:31.296Z,,BTC/USDT,29,42177.46,0.034978,42162.01,0.238816
7,1703980891296,2023-12-31T00:01:31.296Z,,BTC/USDT,30,42178.19,0.009501,42162.0,0.1098
7,1703980891296,2023-12-31T00:01:31.296Z,,BTC/USDT,31,42178.91,0.0015,42161.99,0.029002
7,1703980891296,2023-12-31T00:01:31.296Z,,BTC/USDT,32,42179.22,1.141882,42160.91,0.0015
7,1703980891296,2023-12-31T00:01:31.296Z,,BTC/USDT,33,42179.23,0.525,42160.0,0.1098
7,1703980891296,2023-12-31T00:01:31.296Z,,BTC/USDT,34,42179.27,0.036676,42158.73,0.094877
7,1703980891296,2023-12-31T00:01:31.296Z,,BTC/USDT,35,42179.28,0.116788,42158.72,1.239824
7,1703980891296,2023-12-31T00:01:31.296Z,,BTC/USDT,36,42179.32,0.118541,42158.71,0.570033
7,1703980891296,2023-12-31T00:01:31.296Z,,BTC/USDT,37,42179.38,0.12241,42158.55,0.46052
7,1703980891296,2023-12-31T00:01:31.296Z,,BTC/USDT,38,42179.66,0.029672,42158.1,0.028443
7,1703980891296,2023-12-31T00:01:31.296Z,,BTC/USDT,39,42180.0,0.086,42158.0,0.1098
7,1703980891296,2023-12-31T00:01:31.296Z,,BTC/USDT,40,42181.19,1.143072,42157.91,0.0015
7,1703980891296,2023-12-31T00:01:31.296Z,,BTC/USDT,41,42181.54,0.525548,42157.83,0.116788
7,1703980891296,2023-12-31T00:01:31.296Z,,BTC/USDT,42,42181.82,0.476215,42157.56,0.079965
7,1703980891296,2023-12-31T00:01:31.296Z,,BTC/USDT,43,42181.91,0.0015,42156.55,1.143072
7,1703980891296,2023-12-31T00:01:31.296Z,,BTC/USDT,44,42182.79,0.078903,42156.54,0.023718
7,1703980891296,2023-12-31T00:01:31.296Z,,BTC/USDT,45,42182.8,0.47455,42156.0,0.1098
7,1703980891296,2023-12-31T00:01:31.296Z,,BTC/USDT,46,42182.95,0.068239,42155.83,0.525548
7,1703980891296,2023-12-31T00:01:31.296Z,,BTC/USDT,47,42183.0,0.000198,42154.91,0.0015
7,1703980891296,2023-12-31T00:01:31.296Z,,BTC/USDT,48,42183.14,1.025449,42154.78,0.009496
7,1703980891296,2023-12-31T00:01:31.296Z,,BTC/USDT,49,42183.49,0.525,42154.67,1.278402
7,1703980891296,2023-12-31T00:01:31.296Z,,BTC/USDT,50,42183.57,0.116788,42154.65,0.109928
8,1703980891576,2023-12-31T00:01:31.576Z,,BTC/USDT,1,42169.16,2.270076,42169.15,0.497624
8,1703980891576,2023-12-31T00:01:31.576Z,,BTC/USDT,2,42169.61,0.158298,42168.66,0.000592
8,1703980891576,2023-12-31T00:01:31.576Z,,BTC/USDT,3,42169.84,0.068384,42168.0,0.1098
8,1703980891576,2023-12-31T00:01:31.576Z,,BTC/USDT,4,42169.9,0.036,42167.01,0.06
8,1703980891576,2023-12-31T00:01:31.576Z,,BTC/USDT,5,42169.91,0.0015,42167.0,1.261432
8,1703980891576,2023-12-31T00:01:31.576Z,,BTC/USDT,6,42170.0,0.1098,42166.99,0.047428
8,1703980891576,2023-12-31T00:01:31.576Z,,BTC/USDT,7,42170.24,0.006,42166.57,0.028121
8,1703980891576,2023-12-31T00:01:31.576Z,,BTC/USDT,8,42170.54,0.006,42166.56,0.506
8,1703980891576,2023-12-31T00:01:31.576Z,,BTC/USDT,9,42171.0,0.000198,42166.26,0.047428
8,1703980891576,2023-12-31T00:01:31.576Z,,BTC/USDT,10,42171.04,0.023713,42166.21,0.068391
8,1703980891576,2023-12-31T00:01:31.576Z,,BTC/USDT,11,42171.99,0.267956,42166.16,0.006
8,1703980891576,2023-12-31T00:01:31.576Z,,BTC/USDT,12,42172.0,0.123194,42166.01,0.238819
8,1703980891576,2023-12-31T00:01:31.576Z,,BTC/USDT,13,42172.91,0.0015,42166.0,0.1098
8,1703980891576,2023-12-31T00:01:31.576Z,,BTC/USDT,14,42172.97,0.175183,42165.39,0.003
8,1703980891576,2023-12-31T00:01:31.576Z,,BTC/USDT,15,42173.0,0.0025,42164.98,0.023713
8,1703980891576,2023-12-31T00:01:31.576Z,,BTC/USDT,16,42173.34,0.107862,42164.9,0.098482
8,1703980891576,2023-12-31T00:01:31.576Z,,BTC/USDT,17,42173.38,0.525,42164.75,0.00451
8,1703980891576,2023-12-31T00:01:31.576Z,,BTC/USDT,18,42173.71,0.27608,42164.74,0.011857
8,1703980891576,2023-12-31T00:01:31.576Z,,BTC/USDT,19,42174.87,0.342894,42164.01,1.149545
8,1703980891576,2023-12-31T00:01:31.576Z,,BTC/USDT,20,42174.88,0.023713,42164.0,0.1098
8,1703980891576,2023-12-31T00:01:31.576Z,,BTC/USDT,21,42175.13,0.011857,42163.91,0.0015
8,1703980891576,2023-12-31T00:01:31.576Z,,BTC/USDT,22,42175.36,0.004934,42163.83,0.528525
8,1703980891576,2023-12-31T00:01:31.576Z,,BTC/USDT,23,42175.37,0.15765,42162.8,0.10556
8,1703980891576,2023-12-31T00:01:31.576Z,,BTC/USDT,24,42175.91,0.0015,42162.36,0.276155
8,1703980891576,2023-12-31T00:01:31.576Z,,BTC/USDT,25,42176.0,0.0024,42162.18,0.711438
8,1703980891576,2023-12-31T00:01:31.576Z,,BTC/USDT,26,42177.0,0.002928,42162.12,0.116788
8,1703980891576,2023-12-31T00:01:31.576Z,,BTC/USDT,27,42177.34,1.239255,42162.01,0.238816
8,1703980891576,2023-12-31T00:01:31.576Z,,BTC/USDT,28,42177.35,0.569772,42162.0,0.1098
8,1703980891576,2023-12-31T00:01:31.576Z,,BTC/USDT,29,42177.46,0.034978,42161.99,0.029002
8,1703980891576,2023-12-31T00:01:31.576Z,,BTC/USDT,30,42178.19,0.009501,42160.91,0.0015
8,1703980891576,2023-12-31T00:01:31.576Z,,BTC/USDT,31,42178.91,0.0015,42160.0,0.1098
8,1703980891576,2023-12-31T00:01:31.576Z,,BTC/USDT,32,42179.22,1.141882,42158.73,0.094877
8,1703980891576,2023-12-31T00:01:31.576Z,,BTC/USDT,33,42179.23,0.525,42158.72,1.239824
8,1703980891576,2023-12-31T00:01:31.576Z,,BTC/USDT,34,42179.27,0.036676,42158.71,0.570033
8,1703980891576,2023-12-31T00:01:31.576Z,,BTC/USDT,35,42179.28,0.116788,42158.55,0.46052
8,1703980891576,2023-12-31T00:01:31.576Z,,BTC/USDT,36,42179.32,0.118541,42158.1,0.028443
8,1703980891576,2023-12-31T00:01:31.576Z,,BTC/USDT,37,42179.38,0.12241,42158.0,0.1098
8,1703980891576,2023-12-31T00:01:31.576Z,,BTC/USDT,38,42179.66,0.029672,42157.91,0.0015
8,1703980891576,2023-12-31T00:01:31.576Z,,BTC/USDT,39,42180.0,0.086,42157.83,0.116788
8,1703980891576,2023-12-31T00:01:31.576Z,,BTC/USDT,40,42181.19,1.143072,42157.56,0.079965
8,1703980891576,2023-12-31T00:01:31.576Z,,BTC/USDT,41,42181.54,0.525548,42156.55,1.143072
8,1703980891576,2023-12-31T00:01:31.576Z,,BTC/USDT,42,42181.82,0.476215,42156.54,0.023718
8,1703980891576,2023-12-31T00:01:31.576Z,,BTC/USDT,43,42181.91,0.0015,42156.0,0.1098
8,1703980891576,2023-12-31T00:01:31.576Z,,BTC/USDT,44,42182.79,0.078903,42155.83,0.525548
8,1703980891576,2023-12-31T00:01:31.576Z,,BTC/USDT,45,42182.8,0.47455,42154.91,0.0015
8,1703980891576,2023-12-31T00:01:31.576Z,,BTC/USDT,46,42182.95,0.068239,42154.78,0.009496
8,1703980891576,2023-12-31T00:01:31.576Z,,BTC/USDT,47,42183.0,0.000198,42154.67,1.278402
8,1703980891576,2023-12-31T00:01:31.576Z,,BTC/USDT,48,42183.14,1.025449,42154.65,0.109928
8,1703980891576,2023-12-31T00:01:31.576Z,,BTC/USDT,49,42183.49,0.525,42154.2,0.12241
8,1703980891576,2023-12-31T00:01:31.576Z,,BTC/USDT,50,42183.57,0.116788,42154.0,0.1098
9,1703980891656,2023-12-31T00:01:31.656Z,,BTC/USDT,1,42169.16,2.270076,42169.15,0.497624
9,1703980891656,2023-12-31T00:01:31.656Z,,BTC/USDT,2,42169.61,0.158298,42168.66,0.000592
9,1703980891656,2023-12-31T00:01:31.656Z,,BTC/USDT,3,42169.84,0.068384,42168.0,0.1098
9,1703980891656,2023-12-31T00:01:31.656Z,,BTC/USDT,4,42169.9,0.036,42167.01,0.06
9,1703980891656,2023-12-31T00:01:31.656Z,,BTC/USDT,5,42169.91,0.0015,42167.0,1.261432
9,1703980891656,2023-12-31T00:01:31.656Z,,BTC/USDT,6,42170.0,0.1098,42166.99,0.047428
9,1703980891656,2023-12-31T00:01:31.656Z,,BTC/USDT,7,42170.24,0.006,42166.97,0.093323
9,1703980891656,2023-12-31T00:01:31.656Z,,BTC/USDT,8,42170.54,0.006,42166.57,0.028121
9,1703980891656,2023-12-31T00:01:31.656Z,,BTC/USDT,9,42171.0,0.000198,42166.56,0.506
9,1703980891656,2023-12-31T00:01:31.656Z,,BTC/USDT,10,42171.04,0.023713,42166.26,0.047428
9,1703980891656,2023-12-31T00:01:31.656Z,,BTC/USDT,11,42171.99,0.267956,42166.21,0.068391
9,1703980891656,2023-12-31T00:01:31.656Z,,BTC/USDT,12,42172.0,0.123194,42166.16,0.006
9,1703980891656,2023-12-31T00:01:31.656Z,,BTC/USDT,13,42172.91,0.0015,42166.01,0.238819
9,1703980891656,2023-12-31T00:01:31.656Z,,BTC/USDT,14,42172.97,0.175183,42166.0,0.1098
9,1703980891656,2023-12-31T00:01:31.656Z,,BTC/USDT,15,42173.0,0.0025,42165.39,0.003
9,1703980891656,2023-12-31T00:01:31.656Z,,BTC/USDT,16,42173.33,0.38691,42164.98,0.023713
9,1703980891656,2023-12-31T00:01:31.656Z,,BTC/USDT,17,42173.34,0.107862,42164.9,0.098482
9,1703980891656,2023-12-31T00:01:31.656Z,,BTC/USDT,18,42173.38,0.525,42164.75,0.00451
9,1703980891656,2023-12-31T00:01:31.656Z,,BTC/USDT,19,42173.71,0.27608,42164.74,0.011857
9,1703980891656,2023-12-31T00:01:31.656Z,,BTC/USDT,20,42173.85,0.177887,42164.01,1.149545
9,1703980891656,2023-12-31T00:01:31.656Z,,BTC/USDT,21,42174.88,0.023713,42164.0,0.1098
9,1703980891656,2023-12-31T00:01:31.656Z,,BTC/USDT,22,42175.13,0.011857,42163.91,0.0015
9,1703980891656,2023-12-31T00:01:31.656Z,,BTC/USDT,23,42175.36,0.004934,42163.83,0.528525
9,1703980891656,2023-12-31T00:01:31.656Z,,BTC/USDT,24,42175.37,0.15765,42162.8,0.10556
9,1703980891656,2023-12-31T00:01:31.656Z,,BTC/USDT,25,42175.91,0.0015,42162.36,0.276155
9,1703980891656,2023-12-31T00:01:31.656Z,,BTC/USDT,26,42176.0,0.0024,42162.18,0.711438
9,1703980891656,2023-12-31T00:01:31.656Z,,BTC/USDT,27,42177.0,0.002928,42162.12,0.116788
9,1703980891656,2023-12-31T00:01:31.656Z,,BTC/USDT,28,42177.34,1.239255,42162.01,0.238816
9,1703980891656,2023-12-31T00:01:31.656Z,,BTC/USDT,29,42177.35,0.569772,42162.0,0.1098
9,1703980891656,2023-12-31T00:01:31.656Z,,BTC/USDT,30,42177.46,0.034978,42161.99,0.029002
9,1703980891656,2023-12-31T00:01:31.656Z,,BTC/USDT,31,42178.19,0.009501,42160.91,0.0015
9,1703980891656,2023-12-31T00:01:31.656Z,,BTC/USDT,32,42178.91,0.0015,42160.0,0.1098
9,1703980891656,2023-12-31T00:01:31.656Z,,BTC/USDT,33,42179.22,1.141882,42158.73,0.094877
9,1703980891656,2023-12-31T00:01:31.656Z,,BTC/USDT,34,42179.23,0.525,42158.72,1.239824
9,1703980891656,2023-12-31T00:01:31.656Z,,BTC/USDT,35,42179.27,0.036676,42158.71,0.570033
9,1703980891656,2023-12-31T00:01:31.656Z,,BTC/USDT,36,42179.28,0.116788,42158.55,0.46052
9,1703980891656,2023-12-31T00:01:31.656Z,,BTC/USDT,37,42179.32,0.118541,42158.1,0.028443
9,1703980891656,2023-12-31T00:01:31.656Z,,BTC/USDT,38,42179.38,0.12241,42158.0,0.1098
9,1703980891656,2023-12-31T00:01:31.656Z,,BTC/USDT,39,42179.66,0.029672,42157.91,0.0015
9,1703980891656,2023-12-31T00:01:31.656Z,,BTC/USDT,40,42180.0,0.086,42157.83,0.116788
9,1703980891656,2023-12-31T00:01:31.656Z,,BTC/USDT,41,42181.19,1.143072,42157.56,0.079965
9,1703980891656,2023-12-31T00:01:31.656Z,,BTC/USDT,42,42181.54,0.525548,42156.55,1.143072
9,1703980891656,2023-12-31T00:01:31.656Z,,BTC/USDT,43,42181.82,0.476215,42156.54,0.023718
9,1703980891656,2023-12-31T00:01:31.656Z,,BTC/USDT,44,42181.91,0.0015,42156.0,0.1098
9,1703980891656,2023-12-31T00:01:31.656Z,,BTC/USDT,45,42182.79,0.078903,42155.83,0.525548
9,1703980891656,2023-12-31T00:01:31.656Z,,BTC/USDT,46,42182.8,0.47455,42154.91,0.0015
9,1703980891656,2023-12-31T00:01:31.656Z,,BTC/USDT,47,42182.95,0.068239,42154.78,0.009496
9,1703980891656,2023-12-31T00:01:31.656Z,,BTC/USDT,48,42183.0,0.000198,42154.67,1.278402
9,1703980891656,2023-12-31T00:01:31.656Z,,BTC/USDT,49,42183.14,1.025449,42154.65,0.109928
9,1703980891656,2023-12-31T00:01:31.656Z,,BTC/USDT,50,42183.49,0.525,42154.2,0.12241
10,1703980891856,2023-12-31T00:01:31.856Z,,BTC/USDT,1,42169.16,2.270076,42169.15,0.497624
10,1703980891856,2023-12-31T00:01:31.856Z,,BTC/USDT,2,42169.61,0.158298,42168.66,0.000592
10,1703980891856,2023-12-31T00:01:31.856Z,,BTC/USDT,3,42169.84,0.068384,42168.0,0.1098
10,1703980891856,2023-12-31T00:01:31.856Z,,BTC/USDT,4,42169.9,0.036,42167.01,0.06
10,1703980891856,2023-12-31T00:01:31.856Z,,BTC/USDT,5,42169.91,0.0015,42167.0,1.261432
10,1703980891856,2023-12-31T00:01:31.856Z,,BTC/USDT,6,42170.0,0.1098,42166.99,0.047428
10,1703980891856,2023-12-31T00:01:31.856Z,,BTC/USDT,7,42170.24,0.006,42166.97,0.093323
10,1703980891856,2023-12-31T00:01:31.856Z,,BTC/USDT,8,42170.54,0.006,42166.57,0.028121
10,1703980891856,2023-12-31T00:01:31.856Z,,BTC/USDT,9,42171.0,0.000198,42166.56,0.506
10,1703980891856,2023-12-31T00:01:31.856Z,,BTC/USDT,10,42171.04,0.023713,42166.21,0.068391
10,1703980891856,2023-12-31T00:01:31.856Z,,BTC/USDT,11,42171.99,0.267956,42166.16,0.006
10,1703980891856,2023-12-31T00:01:31.856Z,,BTC/USDT,12,42172.0,0.123194,42166.01,0.238819
10,1703980891856,2023-12-31T00:01:31.856Z,,BTC/USDT,13,42172.91,0.0015,42166.0,0.1098
10,1703980891856,2023-12-31T00:01:31.856Z,,BTC/USDT,14,42172.97,0.175183,42165.39,0.003
10,1703980891856,2023-12-31T00:01:31.856Z,,BTC/USDT,15,42173.0,0.0025,42164.98,0.023713
10,1703980891856,2023-12-31T00:01:31.856Z,,BTC/USDT,16,42173.33,0.38691,42164.9,0.098482
10,1703980891856,2023-12-31T00:01:31.856Z,,BTC/USDT,17,42173.34,0.107862,42164.75,0.00451
10,1703980891856,2023-12-31T00:01:31.856Z,,BTC/USDT,18,42173.38,0.525,42164.74,0.011857
10,1703980891856,2023-12-31T00:01:31.856Z,,BTC/USDT,19,42173.71,0.27608,42164.01,1.149545
10,1703980891856,2023-12-31T00:01:31.856Z,,BTC/USDT,20,42173.85,0.177887,42164.0,0.1098
10,1703980891856,2023-12-31T00:01:31.856Z,,BTC/USDT,21,42174.88,0.023713,42163.91,0.0015
10,1703980891856,2023-12-31T00:01:31.856Z,,BTC/USDT,22,42175.13,0.011857,42163.83,0.528525
10,1703980891856,2023-12-31T00:01:31.856Z,,BTC/USDT,23,42175.36,0.004934,42162.8,0.10556
10,1703980891856,2023-12-31T00:01:31.856Z,,BTC/USDT,24,42175.37,0.15765,42162.36,0.276155
10,1703980891856,2023-12-31T00:01:31.856Z,,BTC/USDT,25,42175.91,0.0015,42162.18,0.711438
10,1703980891856,2023-12-31T00:01:31.856Z,,BTC/USDT,26,42176.0,0.0024,42162.12,0.116788
10,1703980891856,2023-12-31T00:01:31.856Z,,BTC/USDT,27,42177.0,0.002928,42162.01,0.238816
10,1703980891856,2023-12-31T00:01:31.856Z,,BTC/USDT,28,42177.34,1.239255,42162.0,0.1098
10,1703980891856,2023-12-31T00:01:31.856Z,,BTC/USDT,29,42177.35,0.569772,42161.99,0.029002
10,1703980891856,2023-12-31T00:01:31.856Z,,BTC/USDT,30,42177.46,0.034978,42160.91,0.0015
10,1703980891856,2023-12-31T00:01:31.856Z,,BTC/USDT,31,42178.19,0.009501,42160.0,0.1098
10,1703980891856,2023-12-31T00:01:31.856Z,,BTC/USDT,32,42178.91,0.0015,42158.73,0.094877
10,1703980891856,2023-12-31T00:01:31.856Z,,BTC/USDT,33,42179.22,1.141882,42158.72,1.239824
10,1703980891856,2023-12-31T00:01:31.856Z,,BTC/USDT,34,42179.23,0.525,42158.71,0.570033
10,1703980891856,2023-12-31T00:01:31.856Z,,BTC/USDT,35,42179.27,0.036676,42158.55,0.46052
10,1703980891856,2023-12-31T00:01:31.856Z,,BTC/USDT,36,42179.28,0.116788,42158.1,0.028443
10,1703980891856,2023-12-31T00:01:31.856Z,,BTC/USDT,37,42179.32,0.118541,42158.0,0.1098
10,1703980891856,2023-12-31T00:01:31.856Z,,BTC/USDT,38,42179.38,0.12241,42157.91,0.0015
10,1703980891856,2023-12-31T00:01:31.856Z,,BTC/USDT,39,42179.66,0.029672,42157.83,0.116788
10,1703980891856,2023-12-31T00:01:31.856Z,,BTC/USDT,40,42180.0,0.086,42157.56,0.079965
10,1703980891856,2023-12-31T00:01:31.856Z,,BTC/USDT,41,42181.19,1.143072,42156.55,1.143072
10,1703980891856,2023-12-31T00:01:31.856Z,,BTC/USDT,42,42181.54,0.525548,42156.54,0.023718
10,1703980891856,2023-12-31T00:01:31.856Z,,BTC/USDT,43,42181.82,0.476215,42156.0,0.1098
10,1703980891856,2023-12-31T00:01:31.856Z,,BTC/USDT,44,42181.91,0.0015,42155.83,0.525548
10,1703980891856,2023-12-31T00:01:31.856Z,,BTC/USDT,45,42182.79,0.078903,42154.91,0.0015
10,1703980891856,2023-12-31T00:01:31.856Z,,BTC/USDT,46,42182.8,0.47455,42154.78,0.009496
10,1703980891856,2023-12-31T00:01:31.856Z,,BTC/USDT,47,42182.95,0.068239,42154.67,1.278402
10,1703980891856,2023-12-31T00:01:31.856Z,,BTC/USDT,48,42183.0,0.000198,42154.65,0.109928
10,1703980891856,2023-12-31T00:01:31.856Z,,BTC/USDT,49,42183.14,1.025449,42154.2,0.12241
10,1703980891856,2023-12-31T00:01:31.856Z,,BTC/USDT,50,42183.49,0.525,42154.0,0.1098
11,1703980892056,2023-12-31T00:01:32.056Z,,BTC/USDT,1,42169.16,0.770076,42169.15,0.497624
11,1703980892056,2023-12-31T00:01:32.056Z,,BTC/USDT,2,42169.61,0.158298,42168.0,0.1098
11,1703980892056,2023-12-31T00:01:32.056Z,,BTC/USDT,3,42169.81,0.5,42167.01,0.06
11,1703980892056,2023-12-31T00:01:32.056Z,,BTC/USDT,4,42169.84,0.068384,42167.0,1.261432
11,1703980892056,2023-12-31T00:01:32.056Z,,BTC/USDT,5,42169.9,0.036,42166.99,0.047428
11,1703980892056,2023-12-31T00:01:32.056Z,,BTC/USDT,6,42169.91,0.0015,42166.97,0.093323
11,1703980892056,2023-12-31T00:01:32.056Z,,BTC/USDT,7,42170.0,0.1098,42166.57,0.028121
11,1703980892056,2023-12-31T00:01:32.056Z,,BTC/USDT,8,42170.24,0.006,42166.56,0.506
11,1703980892056,2023-12-31T00:01:32.056Z,,BTC/USDT,9,42170.54,0.006,42166.21,0.068391
11,1703980892056,2023-12-31T00:01:32.056Z,,BTC/USDT,10,42171.0,0.000198,42166.16,0.006
11,1703980892056,2023-12-31T00:01:32.056Z,,BTC/USDT,11,42171.04,0.023713,42166.0,0.1098
11,1703980892056,2023-12-31T00:01:32.056Z,,BTC/USDT,12,42171.99,0.267956,42165.39,0.003
11,1703980892056,2023-12-31T00:01:32.056Z,,BTC/USDT,13,42172.0,0.123194,42164.99,0.214205
11,1703980892056,2023-12-31T00:01:32.056Z,,BTC/USDT,14,42172.91,0.0015,42164.98,0.023713
11,1703980892056,2023-12-31T00:01:32.056Z,,BTC/USDT,15,42172.97,0.175183,42164.9,0.098482
11,1703980892056,2023-12-31T00:01:32.056Z,,BTC/USDT,16,42173.0,0.0025,42164.75,0.00451
11,1703980892056,2023-12-31T00:01:32.056Z,,BTC/USDT,17,42173.33,0.38691,42164.74,0.011857
11,1703980892056,2023-12-31T00:01:32.056Z,,BTC/USDT,18,42173.34,0.107862,42164.01,1.149545
11,1703980892056,2023-12-31T00:01:32.056Z,,BTC/USDT,19,42173.38,0.525,42164.0,0.1098
11,1703980892056,2023-12-31T00:01:32.056Z,,BTC/USDT,20,42173.71,0.27608,42163.91,0.0015
11,1703980892056,2023-12-31T00:01:32.056Z,,BTC/USDT,21,42173.85,0.177887,42163.83,0.528525
11,1703980892056,2023-12-31T00:01:32.056Z,,BTC/USDT,22,42174.88,0.023713,42162.8,0.10556
11,1703980892056,2023-12-31T00:01:32.056Z,,BTC/USDT,23,42175.13,0.011857,42162.36,0.276155
11,1703980892056,2023-12-31T00:01:32.056Z,,BTC/USDT,24,42175.36,0.004934,42162.18,0.711438
11,1703980892056,2023-12-31T00:01:32.056Z,,BTC/USDT,25,42175.37,0.15765,42162.12,0.116788
11,1703980892056,2023-12-31T00:01:32.056Z,,BTC/USDT,26,42175.91,0.0015,42162.01,0.238816
11,1703980892056,2023-12-31T00:01:32.056Z,,BTC/USDT,27,42176.0,0.0024,42162.0,0.1098
11,1703980892056,2023-12-31T00:01:32.056Z,,BTC/USDT,28,42177.0,0.002928,42161.99,0.029002
11,1703980892056,2023-12-31T00:01:32.056Z,,BTC/USDT,29,42177.34,1.239255,42160.91,0.0015
11,1703980892056,2023-12-31T00:01:32.056Z,,BTC/USDT,30,42177.35,0.569772,42160.0,0.1098
11,1703980892056,2023-12-31T00:01:32.056Z,,BTC/USDT,31,42177.46,0.034978,42158.73,0.094877
11,1703980892056,2023-12-31T00:01:32.056Z,,BTC/USDT,32,42178.19,0.009501,42158.72,1.239824
11,1703980892056,2023-12-31T00:01:32.056Z,,BTC/USDT,33,42178.91,0.0015,42158.71,0.570033
11,1703980892056,2023-12-31T00:01:32.056Z,,BTC/USDT,34,42179.22,1.141882,42158.55,0.46052
11,1703980892056,2023-12-31T00:01:32.056Z,,BTC/USDT,35,42179.23,0.525,42158.1,0.028443
11,1703980892056,2023-12-31T00:01:32.056Z,,BTC/USDT,36,42179.27,0.036676,42158.0,0.1098
11,1703980892056,2023-12-31T00:01:32.056Z,,BTC/USDT,37,42179.28,0.116788,42157.91,0.0015
11,1703980892056,2023-12-31T00:01:32.056Z,,BTC/USDT,38,42179.32,0.118541,42157.83,0.116788
11,1703980892056,2023-12-31T00:01:32.056Z,,BTC/USDT,39,42179.38,0.12241,42157.56,0.079965
11,1703980892056,2023-12-31T00:01:32.056Z,,BTC/USDT,40,42179.66,0.029672,42156.55,1.143072
11,1703980892056,2023-12-31T00:01:32.056Z,,BTC/USDT,41,42180.0,0.086,42156.54,0.023718
11,1703980892056,2023-12-31T00:01:32.056Z,,BTC/USDT,42,42181.19,1.143072,42156.0,0.1098
11,1703980892056,2023-12-31T00:01:32.056Z,,BTC/USDT,43,42181.54,0.525548,42155.83,0.525548
11,1703980892056,2023-12-31T00:01:32.056Z,,BTC/USDT,44,42181.82,0.476215,42154.91,0.0015
11,1703980892056,2023-12-31T00:01:32.056Z,,BTC/USDT,45,42181.91,0.0015,42154.78,0.009496
11,1703980892056,2023-12-31T00:01:32.056Z,,BTC/USDT,46,42182.79,0.078903,42154.67,1.278402
11,1703980892056,2023-12-31T00:01:32.056Z,,BTC/USDT,47,42182.8,0.47455,42154.65,0.109928
11,1703980892056,2023-12-31T00:01:32.056Z,,BTC/USDT,48,42182.95,0.068239,42154.2,0.12241
11,1703980892056,2023-12-31T00:01:32.056Z,,BTC/USDT,49,42183.0,0.000198,42154.0,0.1098
11,1703980892056,2023-12-31T00:01:32.056Z,,BTC/USDT,50,42183.14,1.025449,42153.98,0.604965
12,1703980892076,2023-12-31T00:01:32.076Z,,BTC/USDT,1,42169.16,0.770076,42169.15,0.497624
12,1703980892076,2023-12-31T00:01:32.076Z,,BTC/USDT,2,42169.61,0.158298,42168.0,0.1098
12,1703980892076,2023-12-31T00:01:32.076Z,,BTC/USDT,3,42169.69,0.5,42167.01,0.06
12,1703980892076,2023-12-31T00:01:32.076Z,,BTC/USDT,4,42169.84,0.068384,42167.0,1.261432
12,1703980892076,2023-12-31T00:01:32.076Z,,BTC/USDT,5,42169.9,0.036,42166.99,0.047428
12,1703980892076,2023-12-31T00:01:32.076Z,,BTC/USDT,6,42169.91,0.0015,42166.97,0.093323
12,1703980892076,2023-12-31T00:01:32.076Z,,BTC/USDT,7,42169.94,0.5,42166.57,0.028121
12,1703980892076,2023-12-31T00:01:32.076Z,,BTC/USDT,8,42170.0,0.1098,42166.56,0.506
12,1703980892076,2023-12-31T00:01:32.076Z,,BTC/USDT,9,42170.24,0.006,42166.21,0.068391
12,1703980892076,2023-12-31T00:01:32.076Z,,BTC/USDT,10,42170.54,0.006,42166.16,0.006
12,1703980892076,2023-12-31T00:01:32.076Z,,BTC/USDT,11,42171.0,0.000198,42166.0,0.1098
12,1703980892076,2023-12-31T00:01:32.076Z,,BTC/USDT,12,42171.04,0.023713,42165.39,0.003
12,1703980892076,2023-12-31T00:01:32.076Z,,BTC/USDT,13,42171.99,0.267956,42164.99,0.214205
12,1703980892076,2023-12-31T00:01:32.076Z,,BTC/USDT,14,42172.0,0.123194,42164.98,0.023713
12,1703980892076,2023-12-31T00:01:32.076Z,,BTC/USDT,15,42172.91,0.0015,42164.9,0.098482
12,1703980892076,2023-12-31T00:01:32.076Z,,BTC/USDT,16,42172.97,0.175183,42164.75,0.00451
12,1703980892076,2023-12-31T00:01:32.076Z,,BTC/USDT,17,42173.0,0.0025,42164.74,0.011857
12,1703980892076,2023-12-31T00:01:32.076Z,,BTC/USDT,18,42173.33,0.38691,42164.01,1.149545
12,1703980892076,2023-12-31T00:01:32.076Z,,BTC/USDT,19,42173.34,0.107862,42164.0,0.1098
12,1703980892076,2023-12-31T00:01:32.076Z,,BTC/USDT,20,42173.38,0.525,42163.91,0.0015
12,1703980892076,2023-12-31T00:01:32.076Z,,BTC/USDT,21,42173.71,0.27608,42163.83,0.528525
12,1703980892076,2023-12-31T00:01:32.076Z,,BTC/USDT,22,42173.85,0.177887,42162.8,0.10556
12,1703980892076,2023-12-31T00:01:32.076Z,,BTC/USDT,23,42174.88,0.023713,42162.36,0.276155
12,1703980892076,2023-12-31T00:01:32.076Z,,BTC/USDT,24,42175.13,0.011857,42162.18,0.711438
12,1703980892076,2023-12-31T00:01:32.076Z,,BTC/USDT,25,42175.36,0.004934,42162.12,0.116788
12,1703980892076,2023-12-31T00:01:32.076Z,,BTC/USDT,26,42175.37,0.15765,42162.01,0.238816
12,1703980892076,2023-12-31T00:01:32.076Z,,BTC/USDT,27,42175.91,0.0015,42162.0,0.1098
12,1703980892076,2023-12-31T00:01:32.076Z,,BTC/USDT,28,42176.0,0.0024,42161.99,0.029002
12,1703980892076,2023-12-31T00:01:32.076Z,,BTC/USDT,29,42177.0,0.002928,42160.91,0.0015
12,1703980892076,2023-12-31T00:01:32.076Z,,BTC/USDT,30,42177.34,1.239255,42160.0,0.1098
12,1703980892076,2023-12-31T00:01:32.076Z,,BTC/USDT,31,42177.35,0.569772,42158.73,0.094877
12,1703980892076,2023-12-31T00:01:32.076Z,,BTC/USDT,32,42177.46,0.034978,42158.72,1.239824
12,1703980892076,2023-12-31T00:01:32.076Z,,BTC/USDT,33,42178.19,0.009501,42158.71,0.570033
12,1703980892076,2023-12-31T00:01:32.076Z,,BTC/USDT,34,42178.91,0.0015,42158.55,0.46052
12,1703980892076,2023-12-31T00:01:32.076Z,,BTC/USDT,35,42179.22,1.141882,42158.1,0.028443
12,1703980892076,2023-12-31T00:01:32.076Z,,BTC/USDT,36,42179.23,0.525,42158.0,0.1098
12,1703980892076,2023-12-31T00:01:32.076Z,,BTC/USDT,37,42179.27,0.036676,42157.91,0.0015
12,1703980892076,2023-12-31T00:01:32.076Z,,BTC/USDT,38,42179.28,0.116788,42157.83,0.116788
12,1703980892076,2023-12-31T00:01:32.076Z,,BTC/USDT,39,42179.32,0.118541,42157.56,0.079965
12,1703980892076,2023-12-31T00:01:32.076Z,,BTC/USDT,40,42179.38,0.12241,42156.55,1.143072
12,1703980892076,2023-12-31T00:01:32.076Z,,BTC/USDT,41,42179.66,0.029672,42156.54,0.023718
12,1703980892076,2023-12-31T00:01:32.076Z,,BTC/USDT,42,42180.0,0.086,42156.0,0.1098
12,1703980892076,2023-12-31T00:01:32.076Z,,BTC/USDT,43,42181.19,1.143072,42155.83,0.525548
12,1703980892076,2023-12-31T00:01:32.076Z,,BTC/USDT,44,42181.54,0.525548,42154.91,0.0015
12,1703980892076,2023-12-31T00:01:32.076Z,,BTC/USDT,45,42181.82,0.476215,42154.78,0.009496
12,1703980892076,2023-12-31T00:01:32.076Z,,BTC/USDT,46,42181.91,0.0015,42154.67,1.278402
12,1703980892076,2023-12-31T00:01:32.076Z,,BTC/USDT,47,42182.79,0.078903,42154.65,0.109928
12,1703980892076,2023-12-31T00:01:32.076Z,,BTC/USDT,48,42182.8,0.47455,42154.2,0.12241
12,1703980892076,2023-12-31T00:01:32.076Z,,BTC/USDT,49,42182.95,0.068239,42154.0,0.1098
12,1703980892076,2023-12-31T00:01:32.076Z,,BTC/USDT,50,42183.0,0.000198,42153.98,0.604965
13,1703980892096,2023-12-31T00:01:32.096Z,,BTC/USDT,1,42169.16,0.770076,42169.15,0.497624
13,1703980892096,2023-12-31T00:01:32.096Z,,BTC/USDT,2,42169.45,0.5,42168.0,0.1098
13,1703980892096,2023-12-31T00:01:32.096Z,,BTC/USDT,3,42169.6,0.3,42167.01,0.06
13,1703980892096,2023-12-31T00:01:32.096Z,,BTC/USDT,4,42169.61,0.158298,42167.0,1.261432
13,1703980892096,2023-12-31T00:01:32.096Z,,BTC/USDT,5,42169.67,0.5,42166.99,0.047428
13,1703980892096,2023-12-31T00:01:32.096Z,,BTC/USDT,6,42169.84,0.068384,42166.97,0.093323
13,1703980892096,2023-12-31T00:01:32.096Z,,BTC/USDT,7,42169.9,0.036,42166.57,0.028121
13,1703980892096,2023-12-31T00:01:32.096Z,,BTC/USDT,8,42169.91,0.0015,42166.56,0.506
13,1703980892096,2023-12-31T00:01:32.096Z,,BTC/USDT,9,42170.0,0.1098,42166.21,0.068391
13,1703980892096,2023-12-31T00:01:32.096Z,,BTC/USDT,10,42170.24,0.006,42166.16,0.006
13,1703980892096,2023-12-31T00:01:32.096Z,,BTC/USDT,11,42170.54,0.006,42166.0,0.1098
13,1703980892096,2023-12-31T00:01:32.096Z,,BTC/USDT,12,42171.0,0.000198,42165.39,0.003
13,1703980892096,2023-12-31T00:01:32.096Z,,BTC/USDT,13,42171.04,0.023713,42164.99,0.214205
13,1703980892096,2023-12-31T00:01:32.096Z,,BTC/USDT,14,42171.99,0.267956,42164.98,0.023713
13,1703980892096,2023-12-31T00:01:32.096Z,,BTC/USDT,15,42172.0,0.123194,42164.9,0.098482
13,1703980892096,2023-12-31T00:01:32.096Z,,BTC/USDT,16,42172.91,0.0015,42164.75,0.00451
13,1703980892096,2023-12-31T00:01:32.096Z,,BTC/USDT,17,42172.97,0.175183,42164.74,0.011857
13,1703980892096,2023-12-31T00:01:32.096Z,,BTC/USDT,18,42173.0,0.0025,42164.01,1.149545
13,1703980892096,2023-12-31T00:01:32.096Z,,BTC/USDT,19,42173.33,0.38691,42164.0,0.1098
13,1703980892096,2023-12-31T00:01:32.096Z,,BTC/USDT,20,42173.34,0.107862,42163.91,0.0015
13,1703980892096,2023-12-31T00:01:32.096Z,,BTC/USDT,21,42173.38,0.525,42163.83,0.528525
13,1703980892096,2023-12-31T00:01:32.096Z,,BTC/USDT,22,42173.71,0.27608,42162.8,0.10556
13,1703980892096,2023-12-31T00:01:32.096Z,,BTC/USDT,23,42173.85,0.177887,42162.36,0.276155
13,1703980892096,2023-12-31T00:01:32.096Z,,BTC/USDT,24,42174.88,0.023713,42162.18,0.711438
13,1703980892096,2023-12-31T00:01:32.096Z,,BTC/USDT,25,42175.13,0.011857,42162.12,0.116788
13,1703980892096,2023-12-31T00:01:32.096Z,,BTC/USDT,26,42175.36,0.004934,42162.01,0.238816
13,1703980892096,2023-12-31T00:01:32.096Z,,BTC/USDT,27,42175.37,0.15765,42162.0,0.1098
13,1703980892096,2023-12-31T00:01:32.096Z,,BTC/USDT,28,42175.91,0.0015,42161.99,0.029002
13,1703980892096,2023-12-31T00:01:32.096Z,,BTC/USDT,29,42176.0,0.0024,42160.91,0.0015
13,1703980892096,2023-12-31T00:01:32.096Z,,BTC/USDT,30,42177.0,0.002928,42160.0,0.1098
13,1703980892096,2023-12-31T00:01:32.096Z,,BTC/USDT,31,42177.34,1.239255,42158.73,0.094877
13,1703980892096,2023-12-31T00:01:32.096Z,,BTC/USDT,32,42177.35,0.569772,42158.72,1.239824
13,1703980892096,2023-12-31T00:01:32.096Z,,BTC/USDT,33,42177.46,0.034978,42158.71,0.570033
13,1703980892096,2023-12-31T00:01:32.096Z,,BTC/USDT,34,42178.19,0.009501,42158.55,0.46052
13,1703980892096,2023-12-31T00:01:32.096Z,,BTC/USDT,35,42178.91,0.0015,42158.1,0.028443
13,1703980892096,2023-12-31T00:01:32.096Z,,BTC/USDT,36,42179.22,1.141882,42158.0,0.1098
13,1703980892096,2023-12-31T00:01:32.096Z,,BTC/USDT,37,42179.23,0.525,42157.91,0.0015
13,1703980892096,2023-12-31T00:01:32.096Z,,BTC/USDT,38,42179.27,0.036676,42157.83,0.116788
13,1703980892096,2023-12-31T00:01:32.096Z,,BTC/USDT,39,42179.28,0.116788,42157.56,0.079965
13,1703980892096,2023-12-31T00:01:32.096Z,,BTC/USDT,40,42179.32,0.118541,42156.55,1.143072
13,1703980892096,2023-12-31T00:01:32.096Z,,BTC/USDT,41,42179.38,0.12241,42156.54,0.023718
13,1703980892096,2023-12-31T00:01:32.096Z,,BTC/USDT,42,42179.66,0.029672,42156.0,0.1098
13,1703980892096,2023-12-31T00:01:32.096Z,,BTC/USDT,43,42180.0,0.086,42155.83,0.525548
13,1703980892096,2023-12-31T00:01:32.096Z,,BTC/USDT,44,42181.19,1.143072,42154.91,0.0015
13,1703980892096,2023-12-31T00:01:32.096Z,,BTC/USDT,45,42181.54,0.525548,42154.78,0.009496
13,1703980892096,2023-12-31T00:01:32.096Z,,BTC/USDT,46,42181.82,0.476215,42154.67,1.278402
13,1703980892096,2023-12-31T00:01:32.096Z,,BTC/USDT,47,42181.91,0.0015,42154.65,0.109928
13,1703980892096,2023-12-31T00:01:32.096Z,,BTC/USDT,48,42182.79,0.078903,42154.2,0.12241
13,1703980892096,2023-12-31T00:01:32.096Z,,BTC/USDT,49,42182.8,0.47455,42154.0,0.1098
13,1703980892096,2023-12-31T00:01:32.096Z,,BTC/USDT,50,42182.95,0.068239,42153.98,0.604965
14,1703980892116,2023-12-31T00:01:32.116Z,,BTC/USDT,1,42169.16,0.770076,42169.15,0.497624
14,1703980892116,2023-12-31T00:01:32.116Z,,BTC/USDT,2,42169.57,0.5,42168.0,0.1098
14,1703980892116,2023-12-31T00:01:32.116Z,,BTC/USDT,3,42169.61,0.158298,42167.01,0.06
14,1703980892116,2023-12-31T00:01:32.116Z,,BTC/USDT,4,42169.63,0.5,42167.0,1.261432
14,1703980892116,2023-12-31T00:01:32.116Z,,BTC/USDT,5,42169.84,0.068384,42166.99,0.047428
14,1703980892116,2023-12-31T00:01:32.116Z,,BTC/USDT,6,42169.9,0.036,42166.97,0.093323
14,1703980892116,2023-12-31T00:01:32.116Z,,BTC/USDT,7,42169.91,0.0015,42166.57,0.028121
14,1703980892116,2023-12-31T00:01:32.116Z,,BTC/USDT,8,42170.0,0.1098,42166.56,0.506
14,1703980892116,2023-12-31T00:01:32.116Z,,BTC/USDT,9,42170.24,0.006,42166.21,0.068391
14,1703980892116,2023-12-31T00:01:32.116Z,,BTC/USDT,10,42170.54,0.006,42166.16,0.006
14,1703980892116,2023-12-31T00:01:32.116Z,,BTC/USDT,11,42171.0,0.000198,42166.0,0.1098
14,1703980892116,2023-12-31T00:01:32.116Z,,BTC/USDT,12,42171.04,0.023713,42165.39,0.003
14,1703980892116,2023-12-31T00:01:32.116Z,,BTC/USDT,13,42171.99,0.267956,42164.99,0.214205
14,1703980892116,2023-12-31T00:01:32.116Z,,BTC/USDT,14,42172.0,0.123194,42164.98,0.023713
14,1703980892116,2023-12-31T00:01:32.116Z,,BTC/USDT,15,42172.91,0.0015,42164.9,0.098482
14,1703980892116,2023-12-31T00:01:32.116Z,,BTC/USDT,16,42172.97,0.175183,42164.75,0.00451
14,1703980892116,2023-12-31T00:01:32.116Z,,BTC/USDT,17,42173.0,0.0025,42164.74,0.011857
14,1703980892116,2023-12-31T00:01:32.116Z,,BTC/USDT,18,42173.33,0.38691,42164.01,1.149545
14,1703980892116,2023-12-31T00:01:32.116Z,,BTC/USDT,19,42173.34,0.107862,42164.0,0.1098
14,1703980892116,2023-12-31T00:01:32.116Z,,BTC/USDT,20,42173.38,0.525,42163.91,0.0015
14,1703980892116,2023-12-31T00:01:32.116Z,,BTC/USDT,21,42173.71,0.27608,42163.83,0.528525
14,1703980892116,2023-12-31T00:01:32.116Z,,BTC/USDT,22,42173.85,0.177887,42162.8,0.10556
14,1703980892116,2023-12-31T00:01:32.116Z,,BTC/USDT,23,42174.88,0.023713,42162.36,0.276155
14,1703980892116,2023-12-31T00:01:32.116Z,,BTC/USDT,24,42175.13,0.011857,42162.18,0.711438
14,1703980892116,2023-12-31T00:01:32.116Z,,BTC/USDT,25,42175.36,0.004934,42162.12,0.116788
14,1703980892116,2023-12-31T00:01:32.116Z,,BTC/USDT,26,42175.37,0.15765,42162.01,0.238816
14,1703980892116,2023-12-31T00:01:32.116Z,,BTC/USDT,27,42175.91,0.0015,42162.0,0.1098
14,1703980892116,2023-12-31T00:01:32.116Z,,BTC/USDT,28,42176.0,0.0024,42161.99,0.029002
14,1703980892116,2023-12-31T00:01:32.116Z,,BTC/USDT,29,42177.0,0.002928,42160.91,0.0015
14,1703980892116,2023-12-31T00:01:32.116Z,,BTC/USDT,30,42177.34,1.239255,42160.0,0.1098
14,1703980892116,2023-12-31T00:01:32.116Z,,BTC/USDT,31,42177.35,0.569772,42158.73,0.094877
14,1703980892116,2023-12-31T00:01:32.116Z,,BTC/USDT,32,42177.46,0.034978,42158.72,1.239824
14,1703980892116,2023-12-31T00:01:32.116Z,,BTC/USDT,33,42178.19,0.009501,42158.71,0.570033
14,1703980892116,2023-12-31T00:01:32.116Z,,BTC/USDT,34,42178.91,0.0015,42158.55,0.46052
14,1703980892116,2023-12-31T00:01:32.116Z,,BTC/USDT,35,42179.22,1.141882,42158.1,0.028443
14,1703980892116,2023-12-31T00:01:32.116Z,,BTC/USDT,36,42179.23,0.525,42158.0,0.1098
14,1703980892116,2023-12-31T00:01:32.116Z,,BTC/USDT,37,42179.27,0.036676,42157.91,0.0015
14,1703980892116,2023-12-31T00:01:32.116Z,,BTC/USDT,38,42179.28,0.116788,42157.83,0.116788
14,1703980892116,2023-12-31T00:01:32.116Z,,BTC/USDT,39,42179.32,0.118541,42157.56,0.079965
14,1703980892116,2023-12-31T00:01:32.116Z,,BTC/USDT,40,42179.38,0.12241,42156.55,1.143072
14,1703980892116,2023-12-31T00:01:32.116Z,,BTC/USDT,41,42179.66,0.029672,42156.54,0.023718
14,1703980892116,2023-12-31T00:01:32.116Z,,BTC/USDT,42,42180.0,0.086,42156.0,0.1098
14,1703980892116,2023-12-31T00:01:32.116Z,,BTC/USDT,43,42181.19,1.143072,42155.83,0.525548
14,1703980892116,2023-12-31T00:01:32.116Z,,BTC/USDT,44,42181.54,0.525548,42154.91,0.0015
14,1703980892116,2023-12-31T00:01:32.116Z,,BTC/USDT,45,42181.82,0.476215,42154.78,0.009496
14,1703980892116,2023-12-31T00:01:32.116Z,,BTC/USDT,46,42181.91,0.0015,42154.67,1.278402
14,1703980892116,2023-12-31T00:01:32.116Z,,BTC/USDT,47,42182.79,0.078903,42154.65,0.109928
14,1703980892116,2023-12-31T00:01:32.116Z,,BTC/USDT,48,42182.8,0.47455,42154.2,0.12241
14,1703980892116,2023-12-31T00:01:32.116Z,,BTC/USDT,49,42182.95,0.068239,42154.0,0.1098
14,1703980892116,2023-12-31T00:01:32.116Z,,BTC/USDT,50,42183.0,0.000198,42153.98,0.604965
15,1703980892136,2023-12-31T00:01:32.136Z,,BTC/USDT,1,42169.16,0.770076,42169.15,0.497624
15,1703980892136,2023-12-31T00:01:32.136Z,,BTC/USDT,2,42169.61,0.158298,42168.0,0.1098
15,1703980892136,2023-12-31T00:01:32.136Z,,BTC/USDT,3,42169.84,0.068384,42167.02,0.3
15,1703980892136,2023-12-31T00:01:32.136Z,,BTC/USDT,4,42169.9,0.036,42167.0,1.261432
15,1703980892136,2023-12-31T00:01:32.136Z,,BTC/USDT,5,42169.91,0.0015,42166.99,0.047428
15,1703980892136,2023-12-31T00:01:32.136Z,,BTC/USDT,6,42169.94,0.5,42166.97,0.093323
15,1703980892136,2023-12-31T00:01:32.136Z,,BTC/USDT,7,42170.0,0.1098,42166.57,0.028121
15,1703980892136,2023-12-31T00:01:32.136Z,,BTC/USDT,8,42170.24,0.006,42166.56,0.506
15,1703980892136,2023-12-31T00:01:32.136Z,,BTC/USDT,9,42170.54,0.006,42166.21,0.068391
15,1703980892136,2023-12-31T00:01:32.136Z,,BTC/USDT,10,42171.0,0.000198,42166.16,0.006
15,1703980892136,2023-12-31T00:01:32.136Z,,BTC/USDT,11,42171.04,0.023713,42166.0,0.1098
15,1703980892136,2023-12-31T00:01:32.136Z,,BTC/USDT,12,42171.99,0.267956,42165.39,0.003
15,1703980892136,2023-12-31T00:01:32.136Z,,BTC/USDT,13,42172.0,0.123194,42164.99,0.214205
15,1703980892136,2023-12-31T00:01:32.136Z,,BTC/USDT,14,42172.91,0.0015,42164.98,0.023713
15,1703980892136,2023-12-31T00:01:32.136Z,,BTC/USDT,15,42172.97,0.175183,42164.9,0.098482
15,1703980892136,2023-12-31T00:01:32.136Z,,BTC/USDT,16,42173.0,0.0025,42164.75,0.00451
15,1703980892136,2023-12-31T00:01:32.136Z,,BTC/USDT,17,42173.33,0.38691,42164.74,0.011857
15,1703980892136,2023-12-31T00:01:32.136Z,,BTC/USDT,18,42173.34,0.107862,42164.01,1.149545
15,1703980892136,2023-12-31T00:01:32.136Z,,BTC/USDT,19,42173.38,0.525,42164.0,0.1098
15,1703980892136,2023-12-31T00:01:32.136Z,,BTC/USDT,20,42173.71,0.27608,42163.91,0.0015
15,1703980892136,2023-12-31T00:01:32.136Z,,BTC/USDT,21,42173.85,0.177887,42163.83,0.528525
15,1703980892136,2023-12-31T00:01:32.136Z,,BTC/USDT,22,42174.88,0.023713,42162.8,0.10556
15,1703980892136,2023-12-31T00:01:32.136Z,,BTC/USDT,23,42175.13,0.011857,42162.36,0.276155
15,1703980892136,2023-12-31T00:01:32.136Z,,BTC/USDT,24,42175.36,0.004934,42162.18,0.711438
15,1703980892136,2023-12-31T00:01:32.136Z,,BTC/USDT,25,42175.37,0.15765,42162.12,0.116788
15,1703980892136,2023-12-31T00:01:32.136Z,,BTC/USDT,26,42175.91,0.0015,42162.01,0.238816
15,1703980892136,2023-12-31T00:01:32.136Z,,BTC/USDT,27,42176.0,0.0024,42162.0,0.1098
15,1703980892136,2023-12-31T00:01:32.136Z,,BTC/USDT,28,42177.0,0.002928,42161.99,0.029002
15,1703980892136,2023-12-31T00:01:32.136Z,,BTC/USDT,29,42177.34,1.239255,42160.91,0.0015
15,1703980892136,2023-12-31T00:01:32.136Z,,BTC/USDT,30,42177.35,0.569772,42160.0,0.1098
15,1703980892136,2023-12-31T00:01:32.136Z,,BTC/USDT,31,42177.46,0.034978,42158.73,0.094877
15,1703980892136,2023-12-31T00:01:32.136Z,,BTC/USDT,32,42178.19,0.009501,42158.72,1.239824
15,1703980892136,2023-12-31T00:01:32.136Z,,BTC/USDT,33,42178.91,0.0015,42158.71,0.570033
15,1703980892136,2023-12-31T00:01:32.136Z,,BTC/USDT,34,42179.22,1.141882,42158.55,0.46052
15,1703980892136,2023-12-31T00:01:32.136Z,,BTC/USDT,35,42179.23,0.525,42158.1,0.028443
15,1703980892136,2023-12-31T00:01:32.136Z,,BTC/USDT,36,42179.27,0.036676,42158.0,0.1098
15,1703980892136,2023-12-31T00:01:32.136Z,,BTC/USDT,37,42179.28,0.116788,42157.91,0.0015
15,1703980892136,2023-12-31T00:01:32.136Z,,BTC/USDT,38,42179.32,0.118541,42157.83,0.116788
15,1703980892136,2023-12-31T00:01:32.136Z,,BTC/USDT,39,42179.38,0.12241,42157.56,0.079965
15,1703980892136,2023-12-31T00:01:32.136Z,,BTC/USDT,40,42179.66,0.029672,42156.55,1.143072
15,1703980892136,2023-12-31T00:01:32.136Z,,BTC/USDT,41,42180.0,0.086,42156.54,0.023718
15,1703980892136,2023-12-31T00:01:32.136Z,,BTC/USDT,42,42181.19,1.143072,42156.0,0.1098
15,1703980892136,2023-12-31T00:01:32.136Z,,BTC/USDT,43,42181.54,0.525548,42155.83,0.525548
15,1703980892136,2023-12-31T00:01:32.136Z,,BTC/USDT,44,42181.82,0.476215,42154.91,0.0015
15,1703980892136,2023-12-31T00:01:32.136Z,,BTC/USDT,45,42181.91,0.0015,42154.78,0.009496
15,1703980892136,2023-12-31T00:01:32.136Z,,BTC/USDT,46,42182.79,0.078903,42154.67,1.278402
15,1703980892136,2023-12-31T00:01:32.136Z,,BTC/USDT,47,42182.8,0.47455,42154.65,0.109928
15,1703980892136,2023-12-31T00:01:32.136Z,,BTC/USDT,48,42182.95,0.068239,42154.2,0.12241
15,1703980892136,2023-12-31T00:01:32.136Z,,BTC/USDT,49,42183.0,0.000198,42154.0,0.1098
15,1703980892136,2023-12-31T00:01:32.136Z,,BTC/USDT,50,42183.14,1.025449,42153.98,0.604965
16,1703980892156,2023-12-31T00:01:32.156Z,,BTC/USDT,1,42169.16,0.710076,42169.15,0.497624
16,1703980892156,2023-12-31T00:01:32.156Z,,BTC/USDT,2,42169.61,0.158298,42168.0,0.1098
16,1703980892156,2023-12-31T00:01:32.156Z,,BTC/USDT,3,42169.84,0.068384,42167.02,0.3
16,1703980892156,2023-12-31T00:01:32.156Z,,BTC/USDT,4,42169.9,0.036,42167.0,1.261432
16,1703980892156,2023-12-31T00:01:32.156Z,,BTC/USDT,5,42169.91,0.0015,42166.99,0.047428
16,1703980892156,2023-12-31T00:01:32.156Z,,BTC/USDT,6,42170.0,0.1098,42166.97,0.093323
16,1703980892156,2023-12-31T00:01:32.156Z,,BTC/USDT,7,42170.24,0.006,42166.57,0.028121
16,1703980892156,2023-12-31T00:01:32.156Z,,BTC/USDT,8,42170.25,0.5,42166.56,0.506
16,1703980892156,2023-12-31T00:01:32.156Z,,BTC/USDT,9,42170.54,0.006,42166.21,0.068391
16,1703980892156,2023-12-31T00:01:32.156Z,,BTC/USDT,10,42171.0,0.000198,42166.16,0.006
16,1703980892156,2023-12-31T00:01:32.156Z,,BTC/USDT,11,42171.04,0.023713,42166.0,0.1098
16,1703980892156,2023-12-31T00:01:32.156Z,,BTC/USDT,12,42171.99,0.267956,42165.39,0.003
16,1703980892156,2023-12-31T00:01:32.156Z,,BTC/USDT,13,42172.0,0.123194,42164.99,0.214205
16,1703980892156,2023-12-31T00:01:32.156Z,,BTC/USDT,14,42172.91,0.0015,42164.98,0.023713
16,1703980892156,2023-12-31T00:01:32.156Z,,BTC/USDT,15,42172.97,0.175183,42164.9,0.098482
16,1703980892156,2023-12-31T00:01:32.156Z,,BTC/USDT,16,42173.0,0.0025,42164.75,0.00451
16,1703980892156,2023-12-31T00:01:32.156Z,,BTC/USDT,17,42173.33,0.38691,42164.74,0.011857
16,1703980892156,2023-12-31T00:01:32.156Z,,BTC/USDT,18,42173.34,0.107862,42164.01,1.149545
16,1703980892156,2023-12-31T00:01:32.156Z,,BTC/USDT,19,42173.38,0.525,42164.0,0.1098
16,1703980892156,2023-12-31T00:01:32.156Z,,BTC/USDT,20,42173.71,0.27608,42163.91,0.0015
16,1703980892156,2023-12-31T00:01:32.156Z,,BTC/USDT,21,42173.85,0.177887,42163.83,0.528525
16,1703980892156,2023-12-31T00:01:32.156Z,,BTC/USDT,22,42174.88,0.023713,42162.8,0.10556
16,1703980892156,2023-12-31T00:01:32.156Z,,BTC/USDT,23,42175.13,0.011857,42162.36,0.276155
16,1703980892156,2023-12-31T00:01:32.156Z,,BTC/USDT,24,42175.36,0.004934,42162.18,0.711438
16,1703980892156,2023-12-31T00:01:32.156Z,,BTC/USDT,25,42175.37,0.15765,42162.12,0.116788
16,1703980892156,2023-12-31T00:01:32.156Z,,BTC/USDT,26,42175.91,0.0015,42162.01,0.238816
16,1703980892156,2023-12-31T00:01:32.156Z,,BTC/USDT,27,42176.0,0.0024,42162.0,0.1098
16,1703980892156,2023-12-31T00:01:32.156Z,,BTC/USDT,28,42177.0,0.002928,42161.99,0.029002
16,1703980892156,2023-12-31T00:01:32.156Z,,BTC/USDT,29,42177.34,1.239255,42160.91,0.0015
16,1703980892156,2023-12-31T00:01:32.156Z,,BTC/USDT,30,42177.35,0.569772,42160.0,0.1098
16,1703980892156,2023-12-31T00:01:32.156Z,,BTC/USDT,31,42177.46,0.034978,42158.73,0.094877
16,1703980892156,2023-12-31T00:01:32.156Z,,BTC/USDT,32,42178.19,0.009501,42158.72,1.239824
16,1703980892156,2023-12-31T00:01:32.156Z,,BTC/USDT,33,42178.91,0.0015,42158.71,0.570033
16,1703980892156,2023-12-31T00:01:32.156Z,,BTC/USDT,34,42179.22,1.141882,42158.55,0.46052
16,1703980892156,2023-12-31T00:01:32.156Z,,BTC/USDT,35,42179.23,0.525,42158.1,0.028443
16,1703980892156,2023-12-31T00:01:32.156Z,,BTC/USDT,36,42179.27,0.036676,42158.0,0.1098
16,1703980892156,2023-12-31T00:01:32.156Z,,BTC/USDT,37,42179.28,0.116788,42157.91,0.0015
16,1703980892156,2023-12-31T00:01:32.156Z,,BTC/USDT,38,42179.32,0.118541,42157.83,0.116788
16,1703980892156,2023-12-31T00:01:32.156Z,,BTC/USDT,39,42179.38,0.12241,42157.56,0.079965
16,1703980892156,2023-12-31T00:01:32.156Z,,BTC/USDT,40,42179.66,0.029672,42156.55,1.143072
16,1703980892156,2023-12-31T00:01:32.156Z,,BTC/USDT,41,42180.0,0.086,42156.54,0.023718
16,1703980892156,2023-12-31T00:01:32.156Z,,BTC/USDT,42,42181.19,1.143072,42156.0,0.1098
16,1703980892156,2023-12-31T00:01:32.156Z,,BTC/USDT,43,42181.54,0.525548,42155.83,0.525548
16,1703980892156,2023-12-31T00:01:32.156Z,,BTC/USDT,44,42181.82,0.476215,42154.91,0.0015
16,1703980892156,2023-12-31T00:01:32.156Z,,BTC/USDT,45,42181.91,0.0015,42154.78,0.009496
16,1703980892156,2023-12-31T00:01:32.156Z,,BTC/USDT,46,42182.79,0.078903,42154.67,1.278402
16,1703980892156,2023-12-31T00:01:32.156Z,,BTC/USDT,47,42182.8,0.47455,42154.65,0.109928
16,1703980892156,2023-12-31T00:01:32.156Z,,BTC/USDT,48,42182.95,0.068239,42154.2,0.12241
16,1703980892156,2023-12-31T00:01:32.156Z,,BTC/USDT,49,42183.0,0.000198,42154.0,0.1098
16,1703980892156,2023-12-31T00:01:32.156Z,,BTC/USDT,50,42183.14,1.025449,42153.98,0.604965
17,1703980892176,2023-12-31T00:01:32.176Z,,BTC/USDT,1,42169.16,0.710076,42169.15,0.497624
17,1703980892176,2023-12-31T00:01:32.176Z,,BTC/USDT,2,42169.61,0.158298,42168.0,0.1098
17,1703980892176,2023-12-31T00:01:32.176Z,,BTC/USDT,3,42169.84,0.068384,42167.02,0.3
17,1703980892176,2023-12-31T00:01:32.176Z,,BTC/USDT,4,42169.9,0.036,42167.0,1.261432
17,1703980892176,2023-12-31T00:01:32.176Z,,BTC/USDT,5,42169.91,0.0015,42166.99,0.047428
17,1703980892176,2023-12-31T00:01:32.176Z,,BTC/USDT,6,42170.0,0.1098,42166.97,0.093323
17,1703980892176,2023-12-31T00:01:32.176Z,,BTC/USDT,7,42170.21,0.5,42166.57,0.028121
17,1703980892176,2023-12-31T00:01:32.176Z,,BTC/USDT,8,42170.24,0.006,42166.56,0.506
17,1703980892176,2023-12-31T00:01:32.176Z,,BTC/USDT,9,42170.25,0.5,42166.21,0.068391
17,1703980892176,2023-12-31T00:01:32.176Z,,BTC/USDT,10,42170.54,0.006,42166.16,0.006
17,1703980892176,2023-12-31T00:01:32.176Z,,BTC/USDT,11,42171.0,0.000198,42166.0,0.1098
17,1703980892176,2023-12-31T00:01:32.176Z,,BTC/USDT,12,42171.04,0.023713,42165.39,0.003
17,1703980892176,2023-12-31T00:01:32.176Z,,BTC/USDT,13,42171.99,0.267956,42164.99,0.214205
17,1703980892176,2023-12-31T00:01:32.176Z,,BTC/USDT,14,42172.0,0.123194,42164.98,0.023713
17,1703980892176,2023-12-31T00:01:32.176Z,,BTC/USDT,15,42172.91,0.0015,42164.9,0.098482
17,1703980892176,2023-12-31T00:01:32.176Z,,BTC/USDT,16,42172.97,0.175183,42164.75,0.00451
17,1703980892176,2023-12-31T00:01:32.176Z,,BTC/USDT,17,42173.0,0.0025,42164.74,0.011857
17,1703980892176,2023-12-31T00:01:32.176Z,,BTC/USDT,18,42173.33,0.38691,42164.01,1.149545
17,1703980892176,2023-12-31T00:01:32.176Z,,BTC/USDT,19,42173.34,0.107862,42164.0,0.1098
17,1703980892176,2023-12-31T00:01:32.176Z,,BTC/USDT,20,42173.38,0.525,42163.91,0.0015
17,1703980892176,2023-12-31T00:01:32.176Z,,BTC/USDT,21,42173.71,0.27608,42163.83,0.528525
17,1703980892176,2023-12-31T00:01:32.176Z,,BTC/USDT,22,42173.85,0.177887,42162.8,0.10556
17,1703980892176,2023-12-31T00:01:32.176Z,,BTC/USDT,23,42174.88,0.023713,42162.36,0.276155
17,1703980892176,2023-12-31T00:01:32.176Z,,BTC/USDT,24,42175.13,0.011857,42162.18,0.711438
17,1703980892176,2023-12-31T00:01:32.176Z,,BTC/USDT,25,42175.36,0.004934,42162.12,0.116788
17,1703980892176,2023-12-31T00:01:32.176Z,,BTC/USDT,26,42175.37,0.15765,42162.01,0.238816
17,1703980892176,2023-12-31T00:01:32.176Z,,BTC/USDT,27,42175.91,0.0015,42162.0,0.1098
17,1703980892176,2023-12-31T00:01:32.176Z,,BTC/USDT,28,42176.0,0.0024,42161.99,0.029002
17,1703980892176,2023-12-31T00:01:32.176Z,,BTC/USDT,29,42177.0,0.002928,42160.91,0.0015
17,1703980892176,2023-12-31T00:01:32.176Z,,BTC/USDT,30,42177.34,1.239255,42160.0,0.1098
17,1703980892176,2023-12-31T00:01:32.176Z,,BTC/USDT,31,42177.35,0.569772,42158.73,0.094877
17,1703980892176,2023-12-31T00:01:32.176Z,,BTC/USDT,32,42177.46,0.034978,42158.72,1.239824
17,1703980892176,2023-12-31T00:01:32.176Z,,BTC/USDT,33,42178.19,0.009501,42158.71,0.570033
17,1703980892176,2023-12-31T00:01:32.176Z,,BTC/USDT,34,42178.91,0.0015,42158.55,0.46052
17,1703980892176,2023-12-31T00:01:32.176Z,,BTC/USDT,35,42179.22,1.141882,42158.1,0.028443
17,1703980892176,2023-12-31T00:01:32.176Z,,BTC/USDT,36,42179.23,0.525,42158.0,0.1098
17,1703980892176,2023-12-31T00:01:32.176Z,,BTC/USDT,37,42179.27,0.036676,42157.91,0.0015
17,1703980892176,2023-12-31T00:01:32.176Z,,BTC/USDT,38,42179.28,0.116788,42157.83,0.116788
17,1703980892176,2023-12-31T00:01:32.176Z,,BTC/USDT,39,42179.32,0.118541,42157.56,0.079965
17,1703980892176,2023-12-31T00:01:32.176Z,,BTC/USDT,40,42179.38,0.12241,42156.55,1.143072
17,1703980892176,2023-12-31T00:01:32.176Z,,BTC/USDT,41,42179.66,0.029672,42156.54,0.023718
17,1703980892176,2023-12-31T00:01:32.176Z,,BTC/USDT,42,42180.0,0.086,42156.0,0.1098
17,1703980892176,2023-12-31T00:01:32.176Z,,BTC/USDT,43,42181.19,1.143072,42155.83,0.525548
17,1703980892176,2023-12-31T00:01:32.176Z,,BTC/USDT,44,42181.54,0.525548,42154.91,0.0015
17,1703980892176,2023-12-31T00:01:32.176Z,,BTC/USDT,45,42181.82,0.476215,42154.78,0.009496
17,1703980892176,2023-12-31T00:01:32.176Z,,BTC/USDT,46,42181.91,0.0015,42154.67,1.278402
17,1703980892176,2023-12-31T00:01:32.176Z,,BTC/USDT,47,42182.79,0.078903,42154.65,0.109928
17,1703980892176,2023-12-31T00:01:32.176Z,,BTC/USDT,48,42182.8,0.47455,42154.2,0.12241
17,1703980892176,2023-12-31T00:01:32.176Z,,BTC/USDT,49,42182.95,0.068239,42154.0,0.1098
17,1703980892176,2023-12-31T00:01:32.176Z,,BTC/USDT,50,42183.0,0.000198,42153.98,0.604965
18,1703980892196,2023-12-31T00:01:32.196Z,,BTC/USDT,1,42169.16,0.710076,42169.15,0.497624
18,1703980892196,2023-12-31T00:01:32.196Z,,BTC/USDT,2,42169.61,0.158298,42168.0,0.1098
18,1703980892196,2023-12-31T00:01:32.196Z,,BTC/USDT,3,42169.84,0.068384,42167.02,0.3
18,1703980892196,2023-12-31T00:01:32.196Z,,BTC/USDT,4,42169.9,0.036,42167.0,1.261432
18,1703980892196,2023-12-31T00:01:32.196Z,,BTC/USDT,5,42169.91,0.0015,42166.99,0.047428
18,1703980892196,2023-12-31T00:01:32.196Z,,BTC/USDT,6,42170.0,0.1098,42166.97,0.093323
18,1703980892196,2023-12-31T00:01:32.196Z,,BTC/USDT,7,42170.19,0.5,42166.57,0.028121
18,1703980892196,2023-12-31T00:01:32.196Z,,BTC/USDT,8,42170.23,0.5,42166.56,0.506
18,1703980892196,2023-12-31T00:01:32.196Z,,BTC/USDT,9,42170.24,0.006,42166.21,0.068391
18,1703980892196,2023-12-31T00:01:32.196Z,,BTC/USDT,10,42170.39,0.5,42166.16,0.006
18,1703980892196,2023-12-31T00:01:32.196Z,,BTC/USDT,11,42170.54,0.006,42166.0,0.1098
18,1703980892196,2023-12-31T00:01:32.196Z,,BTC/USDT,12,42171.0,0.000198,42165.39,0.003
18,1703980892196,2023-12-31T00:01:32.196Z,,BTC/USDT,13,42171.04,0.023713,42164.99,0.214205
18,1703980892196,2023-12-31T00:01:32.196Z,,BTC/USDT,14,42171.99,0.267956,42164.98,0.023713
18,1703980892196,2023-12-31T00:01:32.196Z,,BTC/USDT,15,42172.0,0.123194,42164.9,0.098482
18,1703980892196,2023-12-31T00:01:32.196Z,,BTC/USDT,16,42172.91,0.0015,42164.75,0.00451
18,1703980892196,2023-12-31T00:01:32.196Z,,BTC/USDT,17,42172.97,0.175183,42164.74,0.011857
18,1703980892196,2023-12-31T00:01:32.196Z,,BTC/USDT,18,42173.0,0.0025,42164.01,1.149545
18,1703980892196,2023-12-31T00:01:32.196Z,,BTC/USDT,19,42173.33,0.38691,42164.0,0.1098
18,1703980892196,2023-12-31T00:01:32.196Z,,BTC/USDT,20,42173.34,0.107862,42163.91,0.0015
18,1703980892196,2023-12-31T00:01:32.196Z,,BTC/USDT,21,42173.38,0.525,42163.83,0.528525
18,1703980892196,2023-12-31T00:01:32.196Z,,BTC/USDT,22,42173.71,0.27608,42162.8,0.10556
18,1703980892196,2023-12-31T00:01:32.196Z,,BTC/USDT,23,42173.85,0.177887,42162.36,0.276155
18,1703980892196,2023-12-31T00:01:32.196Z,,BTC/USDT,24,42174.88,0.023713,42162.18,0.711438
18,1703980892196,2023-12-31T00:01:32.196Z,,BTC/USDT,25,42175.13,0.011857,42162.12,0.116788
18,1703980892196,2023-12-31T00:01:32.196Z,,BTC/USDT,26,42175.36,0.004934,42162.01,0.238816
18,1703980892196,2023-12-31T00:01:32.196Z,,BTC/USDT,27,42175.37,0.15765,42162.0,0.1098
18,1703980892196,2023-12-31T00:01:32.196Z,,BTC/USDT,28,42175.91,0.0015,42161.99,0.029002
18,1703980892196,2023-12-31T00:01:32.196Z,,BTC/USDT,29,42176.0,0.0024,42160.91,0.0015
18,1703980892196,2023-12-31T00:01:32.196Z,,BTC/USDT,30,42177.0,0.002928,42160.0,0.1098
18,1703980892196,2023-12-31T00:01:32.196Z,,BTC/USDT,31,42177.34,1.239255,42158.73,0.094877
18,1703980892196,2023-12-31T00:01:32.196Z,,BTC/USDT,32,42177.35,0.569772,42158.72,1.239824
18,1703980892196,2023-12-31T00:01:32.196Z,,BTC/USDT,33,42177.46,0.034978,42158.71,0.570033
18,1703980892196,2023-12-31T00:01:32.196Z,,BTC/USDT,34,42178.19,0.009501,42158.55,0.46052
18,1703980892196,2023-12-31T00:01:32.196Z,,BTC/USDT,35,42178.91,0.0015,42158.1,0.028443
18,1703980892196,2023-12-31T00:01:32.196Z,,BTC/USDT,36,42179.22,1.141882,42158.0,0.1098
18,1703980892196,2023-12-31T00:01:32.196Z,,BTC/USDT,37,42179.23,0.525,42157.91,0.0015
18,1703980892196,2023-12-31T00:01:32.196Z,,BTC/USDT,38,42179.27,0.036676,42157.83,0.116788
18,1703980892196,2023-12-31T00:01:32.196Z,,BTC/USDT,39,42179.28,0.116788,42157.56,0.079965
18,1703980892196,2023-12-31T00:01:32.196Z,,BTC/USDT,40,42179.32,0.118541,42156.55,1.143072
18,1703980892196,2023-12-31T00:01:32.196Z,,BTC/USDT,41,42179.38,0.12241,42156.54,0.023718
18,1703980892196,2023-12-31T00:01:32.196Z,,BTC/USDT,42,42179.66,0.029672,42156.0,0.1098
18,1703980892196,2023-12-31T00:01:32.196Z,,BTC/USDT,43,42180.0,0.086,42155.83,0.525548
18,1703980892196,2023-12-31T00:01:32.196Z,,BTC/USDT,44,42181.19,1.143072,42154.91,0.0015
18,1703980892196,2023-12-31T00:01:32.196Z,,BTC/USDT,45,42181.54,0.525548,42154.78,0.009496
18,1703980892196,2023-12-31T00:01:32.196Z,,BTC/USDT,46,42181.82,0.476215,42154.67,1.278402
18,1703980892196,2023-12-31T00:01:32.196Z,,BTC/USDT,47,42181.91,0.0015,42154.65,0.109928
18,1703980892196,2023-12-31T00:01:32.196Z,,BTC/USDT,48,42182.79,0.078903,42154.2,0.12241
18,1703980892196,2023-12-31T00:01:32.196Z,,BTC/USDT,49,42182.8,0.47455,42154.0,0.1098
18,1703980892196,2023-12-31T00:01:32.196Z,,BTC/USDT,50,42182.95,0.068239,42153.98,0.604965
19,1703980892216,2023-12-31T00:01:32.216Z,,BTC/USDT,1,42169.16,0.710076,42169.15,0.497624
19,1703980892216,2023-12-31T00:01:32.216Z,,BTC/USDT,2,42169.61,0.158298,42168.0,0.1098
19,1703980892216,2023-12-31T00:01:32.216Z,,BTC/USDT,3,42169.84,0.068384,42167.02,0.3
19,1703980892216,2023-12-31T00:01:32.216Z,,BTC/USDT,4,42169.9,0.036,42167.0,1.261432
19,1703980892216,2023-12-31T00:01:32.216Z,,BTC/USDT,5,42169.91,0.0015,42166.99,0.047428
19,1703980892216,2023-12-31T00:01:32.216Z,,BTC/USDT,6,42170.0,0.1098,42166.97,0.093323
19,1703980892216,2023-12-31T00:01:32.216Z,,BTC/USDT,7,42170.24,0.006,42166.57,0.028121
19,1703980892216,2023-12-31T00:01:32.216Z,,BTC/USDT,8,42170.54,0.006,42166.56,0.506
19,1703980892216,2023-12-31T00:01:32.216Z,,BTC/USDT,9,42171.0,0.000198,42166.21,0.068391
19,1703980892216,2023-12-31T00:01:32.216Z,,BTC/USDT,10,42171.04,0.023713,42166.16,0.006
19,1703980892216,2023-12-31T00:01:32.216Z,,BTC/USDT,11,42171.99,0.267956,42166.0,0.1098
19,1703980892216,2023-12-31T00:01:32.216Z,,BTC/USDT,12,42172.0,0.123194,42165.39,0.003
19,1703980892216,2023-12-31T00:01:32.216Z,,BTC/USDT,13,42172.91,0.0015,42164.99,0.214205
19,1703980892216,2023-12-31T00:01:32.216Z,,BTC/USDT,14,42172.97,0.175183,42164.98,0.023713
19,1703980892216,2023-12-31T00:01:32.216Z,,BTC/USDT,15,42173.0,0.0025,42164.9,0.098482
19,1703980892216,2023-12-31T00:01:32.216Z,,BTC/USDT,16,42173.33,0.38691,42164.75,0.00451
19,1703980892216,2023-12-31T00:01:32.216Z,,BTC/USDT,17,42173.34,0.107862,42164.74,0.011857
19,1703980892216,2023-12-31T00:01:32.216Z,,BTC/USDT,18,42173.38,0.525,42164.01,1.149545
19,1703980892216,2023-12-31T00:01:32.216Z,,BTC/USDT,19,42173.71,0.27608,42164.0,0.1098
19,1703980892216,2023-12-31T00:01:32.216Z,,BTC/USDT,20,42173.85,0.177887,42163.91,0.0015
19,1703980892216,2023-12-31T00:01:32.216Z,,BTC/USDT,21,42174.88,0.023713,42163.83,0.528525
19,1703980892216,2023-12-31T00:01:32.216Z,,BTC/USDT,22,42175.13,0.011857,42162.8,0.10556
19,1703980892216,2023-12-31T00:01:32.216Z,,BTC/USDT,23,42175.36,0.004934,42162.36,0.276155
19,1703980892216,2023-12-31T00:01:32.216Z,,BTC/USDT,24,42175.37,0.15765,42162.18,0.711438
19,1703980892216,2023-12-31T00:01:32.216Z,,BTC/USDT,25,42175.91,0.0015,42162.12,0.116788
19,1703980892216,2023-12-31T00:01:32.216Z,,BTC/USDT,26,42176.0,0.0024,42162.01,0.238816
19,1703980892216,2023-12-31T00:01:32.216Z,,BTC/USDT,27,42177.0,0.002928,42162.0,0.1098
19,1703980892216,2023-12-31T00:01:32.216Z,,BTC/USDT,28,42177.34,1.239255,42161.99,0.029002
19,1703980892216,2023-12-31T00:01:32.216Z,,BTC/USDT,29,42177.35,0.569772,42160.91,0.0015
19,1703980892216,2023-12-31T00:01:32.216Z,,BTC/USDT,30,42177.46,0.034978,42160.0,0.1098
19,1703980892216,2023-12-31T00:01:32.216Z,,BTC/USDT,31,42178.19,0.009501,42158.73,0.094877
19,1703980892216,2023-12-31T00:01:32.216Z,,BTC/USDT,32,42178.91,0.0015,42158.72,1.239824
19,1703980892216,2023-12-31T00:01:32.216Z,,BTC/USDT,33,42179.22,1.141882,42158.71,0.570033
19,1703980892216,2023-12-31T00:01:32.216Z,,BTC/USDT,34,42179.23,0.525,42158.55,0.46052
19,1703980892216,2023-12-31T00:01:32.216Z,,BTC/USDT,35,42179.27,0.036676,42158.1,0.028443
19,1703980892216,2023-12-31T00:01:32.216Z,,BTC/USDT,36,42179.28,0.116788,42158.0,0.1098
19,1703980892216,2023-12-31T00:01:32.216Z,,BTC/USDT,37,42179.32,0.118541,42157.91,0.0015
19,1703980892216,2023-12-31T00:01:32.216Z,,BTC/USDT,38,42179.38,0.12241,42157.83,0.116788
19,1703980892216,2023-12-31T00:01:32.216Z,,BTC/USDT,39,42179.66,0.029672,42157.56,0.079965
19,1703980892216,2023-12-31T00:01:32.216Z,,BTC/USDT,40,42180.0,0.086,42156.55,1.143072
19,1703980892216,2023-12-31T00:01:32.216Z,,BTC/USDT,41,42181.19,1.143072,42156.54,0.023718
19,1703980892216,2023-12-31T00:01:32.216Z,,BTC/USDT,42,42181.54,0.525548,42156.0,0.1098
19,1703980892216,2023-12-31T00:01:32.216Z,,BTC/USDT,43,42181.82,0.476215,42155.83,0.525548
19,1703980892216,2023-12-31T00:01:32.216Z,,BTC/USDT,44,42181.91,0.0015,42154.91,0.0015
19,1703980892216,2023-12-31T00:01:32.216Z,,BTC/USDT,45,42182.79,0.078903,42154.78,0.009496
19,1703980892216,2023-12-31T00:01:32.216Z,,BTC/USDT,46,42182.8,0.47455,42154.67,1.278402
19,1703980892216,2023-12-31T00:01:32.216Z,,BTC/USDT,47,42182.95,0.068239,42154.65,0.109928
19,1703980892216,2023-12-31T00:01:32.216Z,,BTC/USDT,48,42183.0,0.000198,42154.2,0.12241
19,1703980892216,2023-12-31T00:01:32.216Z,,BTC/USDT,49,42183.14,1.025449,42154.0,0.1098
19,1703980892216,2023-12-31T00:01:32.216Z,,BTC/USDT,50,42183.49,0.525,42153.98,0.604965
20,1703980892256,2023-12-31T00:01:32.256Z,,BTC/USDT,1,42169.16,0.710076,42169.15,0.497624
20,1703980892256,2023-12-31T00:01:32.256Z,,BTC/USDT,2,42169.61,0.158298,42168.0,0.1098
20,1703980892256,2023-12-31T00:01:32.256Z,,BTC/USDT,3,42169.84,0.068384,42167.02,0.3
20,1703980892256,2023-12-31T00:01:32.256Z,,BTC/USDT,4,42169.9,0.036,42167.0,1.261432
20,1703980892256,2023-12-31T00:01:32.256Z,,BTC/USDT,5,42169.91,0.0015,42166.99,0.047428
20,1703980892256,2023-12-31T00:01:32.256Z,,BTC/USDT,6,42170.0,0.1098,42166.57,0.028121
20,1703980892256,2023-12-31T00:01:32.256Z,,BTC/USDT,7,42170.24,0.006,42166.56,0.506
20,1703980892256,2023-12-31T00:01:32.256Z,,BTC/USDT,8,42170.54,0.006,42166.21,0.068391
20,1703980892256,2023-12-31T00:01:32.256Z,,BTC/USDT,9,42171.0,0.000198,42166.16,0.006
20,1703980892256,2023-12-31T00:01:32.256Z,,BTC/USDT,10,42171.04,0.023713,42166.0,0.1098
20,1703980892256,2023-12-31T00:01:32.256Z,,BTC/USDT,11,42171.99,0.267956,42165.39,0.003
20,1703980892256,2023-12-31T00:01:32.256Z,,BTC/USDT,12,42172.0,0.123194,42164.99,0.214205
20,1703980892256,2023-12-31T00:01:32.256Z,,BTC/USDT,13,42172.91,0.0015,42164.98,0.023713
20,1703980892256,2023-12-31T00:01:32.256Z,,BTC/USDT,14,42172.97,0.175183,42164.9,0.098482
20,1703980892256,2023-12-31T00:01:32.256Z,,BTC/USDT,15,42173.0,0.0025,42164.75,0.00451
20,1703980892256,2023-12-31T00:01:32.256Z,,BTC/USDT,16,42173.33,0.38691,42164.74,0.011857
20,1703980892256,2023-12-31T00:01:32.256Z,,BTC/USDT,17,42173.34,0.107862,42164.01,1.149545
20,1703980892256,2023-12-31T00:01:32.256Z,,BTC/USDT,18,42173.38,0.525,42164.0,0.1098
20,1703980892256,2023-12-31T00:01:32.256Z,,BTC/USDT,19,42173.71,0.27608,42163.91,0.0015
20,1703980892256,2023-12-31T00:01:32.256Z,,BTC/USDT,20,42174.88,0.023713,42163.83,0.528525
20,1703980892256,2023-12-31T00:01:32.256Z,,BTC/USDT,21,42175.13,0.011857,42162.8,0.10556
20,1703980892256,2023-12-31T00:01:32.256Z,,BTC/USDT,22,42175.36,0.004934,42162.36,0.276155
20,1703980892256,2023-12-31T00:01:32.256Z,,BTC/USDT,23,42175.37,0.15765,42162.18,0.711438
20,1703980892256,2023-12-31T00:01:32.256Z,,BTC/USDT,24,42175.91,0.0015,42162.12,0.116788
20,1703980892256,2023-12-31T00:01:32.256Z,,BTC/USDT,25,42176.0,0.0024,42162.01,0.238816
20,1703980892256,2023-12-31T00:01:32.256Z,,BTC/USDT,26,42177.0,0.002928,42162.0,0.1098
20,1703980892256,2023-12-31T00:01:32.256Z,,BTC/USDT,27,42177.34,1.239255,42161.99,0.029002
20,1703980892256,2023-12-31T00:01:32.256Z,,BTC/USDT,28,42177.35,0.569772,42160.91,0.0015
20,1703980892256,2023-12-31T00:01:32.256Z,,BTC/USDT,29,42177.46,0.034978,42160.0,0.1098
20,1703980892256,2023-12-31T00:01:32.256Z,,BTC/USDT,30,42178.19,0.009501,42158.73,0.094877
20,1703980892256,2023-12-31T00:01:32.256Z,,BTC/USDT,31,42178.91,0.0015,42158.72,1.239824
20,1703980892256,2023-12-31T00:01:32.256Z,,BTC/USDT,32,42179.22,1.141882,42158.71,0.570033
20,1703980892256,2023-12-31T00:01:32.256Z,,BTC/USDT,33,42179.23,0.525,42158.55,0.46052
20,1703980892256,2023-12-31T00:01:32.256Z,,BTC/USDT,34,42179.27,0.036676,42158.1,0.028443
20,1703980892256,2023-12-31T00:01:32.256Z,,BTC/USDT,35,42179.28,0.116788,42158.0,0.1098
20,1703980892256,2023-12-31T00:01:32.256Z,,BTC/USDT,36,42179.32,0.118541,42157.91,0.0015
20,1703980892256,2023-12-31T00:01:32.256Z,,BTC/USDT,37,42179.38,0.12241,42157.83,0.116788
20,1703980892256,2023-12-31T00:01:32.256Z,,BTC/USDT,38,42179.66,0.029672,42157.56,0.079965
20,1703980892256,2023-12-31T00:01:32.256Z,,BTC/USDT,39,42180.0,0.086,42156.55,1.143072
20,1703980892256,2023-12-31T00:01:32.256Z,,BTC/USDT,40,42181.19,1.143072,42156.54,0.023718
20,1703980892256,2023-12-31T00:01:32.256Z,,BTC/USDT,41,42181.54,0.525548,42156.0,0.1098
20,1703980892256,2023-12-31T00:01:32.256Z,,BTC/USDT,42,42181.82,0.476215,42155.83,0.525548
20,1703980892256,2023-12-31T00:01:32.256Z,,BTC/USDT,43,42181.91,0.0015,42154.91,0.0015
20,1703980892256,2023-12-31T00:01:32.256Z,,BTC/USDT,44,42182.79,0.078903,42154.78,0.009496
20,1703980892256,2023-12-31T00:01:32.256Z,,BTC/USDT,45,42182.8,0.47455,42154.67,1.278402
20,1703980892256,2023-12-31T00:01:32.256Z,,BTC/USDT,46,42182.95,0.068239,42154.65,0.109928
20,1703980892256,2023-12-31T00:01:32.256Z,,BTC/USDT,47,42183.0,0.000198,42154.2,0.12241
20,1703980892256,2023-12-31T00:01:32.256Z,,BTC/USDT,48,42183.14,1.025449,42154.0,0.1098
20,1703980892256,2023-12-31T00:01:32.256Z,,BTC/USDT,49,42183.49,0.525,42153.98,0.604965
20,1703980892256,2023-12-31T00:01:32.256Z,,BTC/USDT,50,42183.57,0.116788,42153.79,0.71
21,1703980892276,2023-12-31T00:01:32.276Z,,BTC/USDT,1,42169.16,0.710076,42169.15,0.497624
21,1703980892276,2023-12-31T00:01:32.276Z,,BTC/USDT,2,42169.61,0.158298,42169.13,0.5
21,1703980892276,2023-12-31T00:01:32.276Z,,BTC/USDT,3,42169.84,0.068384,42168.99,0.5
21,1703980892276,2023-12-31T00:01:32.276Z,,BTC/USDT,4,42169.9,0.036,42168.0,0.1098
21,1703980892276,2023-12-31T00:01:32.276Z,,BTC/USDT,5,42169.91,0.0015,42167.02,0.3
21,1703980892276,2023-12-31T00:01:32.276Z,,BTC/USDT,6,42170.0,0.1098,42167.0,1.261432
21,1703980892276,2023-12-31T00:01:32.276Z,,BTC/USDT,7,42170.24,0.006,42166.99,0.047428
21,1703980892276,2023-12-31T00:01:32.276Z,,BTC/USDT,8,42170.54,0.006,42166.57,0.028121
21,1703980892276,2023-12-31T00:01:32.276Z,,BTC/USDT,9,42171.0,0.000198,42166.56,0.506
21,1703980892276,2023-12-31T00:01:32.276Z,,BTC/USDT,10,42171.04,0.023713,42166.21,0.068391
21,1703980892276,2023-12-31T00:01:32.276Z,,BTC/USDT,11,42171.99,0.267956,42166.16,0.006
21,1703980892276,2023-12-31T00:01:32.276Z,,BTC/USDT,12,42172.0,0.123194,42166.0,0.1098
21,1703980892276,2023-12-31T00:01:32.276Z,,BTC/USDT,13,42172.91,0.0015,42165.39,0.003
21,1703980892276,2023-12-31T00:01:32.276Z,,BTC/USDT,14,42172.97,0.175183,42164.99,0.214205
21,1703980892276,2023-12-31T00:01:32.276Z,,BTC/USDT,15,42173.0,0.0025,42164.98,0.023713
21,1703980892276,2023-12-31T00:01:32.276Z,,BTC/USDT,16,42173.34,0.107862,42164.9,0.098482
21,1703980892276,2023-12-31T00:01:32.276Z,,BTC/USDT,17,42173.38,0.525,42164.75,0.00451
21,1703980892276,2023-12-31T00:01:32.276Z,,BTC/USDT,18,42173.71,0.27608,42164.74,0.011857
21,1703980892276,2023-12-31T00:01:32.276Z,,BTC/USDT,19,42174.87,0.342897,42164.01,1.149545
21,1703980892276,2023-12-31T00:01:32.276Z,,BTC/USDT,20,42174.88,0.023713,42164.0,0.1098
21,1703980892276,2023-12-31T00:01:32.276Z,,BTC/USDT,21,42175.13,0.011857,42163.91,0.0015
21,1703980892276,2023-12-31T00:01:32.276Z,,BTC/USDT,22,42175.36,0.004934,42163.83,0.528525
21,1703980892276,2023-12-31T00:01:32.276Z,,BTC/USDT,23,42175.37,0.15765,42162.8,0.10556
21,1703980892276,2023-12-31T00:01:32.276Z,,BTC/USDT,24,42175.91,0.0015,42162.36,0.276155
21,1703980892276,2023-12-31T00:01:32.276Z,,BTC/USDT,25,42176.0,0.0024,42162.18,0.711438
21,1703980892276,2023-12-31T00:01:32.276Z,,BTC/USDT,26,42177.0,0.002928,42162.12,0.116788
21,1703980892276,2023-12-31T00:01:32.276Z,,BTC/USDT,27,42177.34,1.239255,42162.01,0.238816
21,1703980892276,2023-12-31T00:01:32.276Z,,BTC/USDT,28,42177.35,0.569772,42162.0,0.1098
21,1703980892276,2023-12-31T00:01:32.276Z,,BTC/USDT,29,42177.46,0.034978,42161.99,0.029002
21,1703980892276,2023-12-31T00:01:32.276Z,,BTC/USDT,30,42178.19,0.009501,42160.91,0.0015
21,1703980892276,2023-12-31T00:01:32.276Z,,BTC/USDT,31,42178.91,0.0015,42160.0,0.1098
21,1703980892276,2023-12-31T00:01:32.276Z,,BTC/USDT,32,42179.22,1.141882,42158.73,0.094877
21,1703980892276,2023-12-31T00:01:32.276Z,,BTC/USDT,33,42179.23,0.525,42158.72,1.239824
21,1703980892276,2023-12-31T00:01:32.276Z,,BTC/USDT,34,42179.27,0.036676,42158.71,0.570033
21,1703980892276,2023-12-31T00:01:32.276Z,,BTC/USDT,35,42179.28,0.116788,42158.55,0.46052
21,1703980892276,2023-12-31T00:01:32.276Z,,BTC/USDT,36,42179.32,0.118541,42158.1,0.028443
21,1703980892276,2023-12-31T00:01:32.276Z,,BTC/USDT,37,42179.38,0.12241,42158.0,0.1098
21,1703980892276,2023-12-31T00:01:32.276Z,,BTC/USDT,38,42179.66,0.029672,42157.91,0.0015
21,1703980892276,2023-12-31T00:01:32.276Z,,BTC/USDT,39,42180.0,0.086,42157.83,0.116788
21,1703980892276,2023-12-31T00:01:32.276Z,,BTC/USDT,40,42181.19,1.143072,42157.56,0.079965
21,1703980892276,2023-12-31T00:01:32.276Z,,BTC/USDT,41,42181.54,0.525548,42156.55,1.143072
21,1703980892276,2023-12-31T00:01:32.276Z,,BTC/USDT,42,42181.82,0.476215,42156.54,0.023718
21,1703980892276,2023-12-31T00:01:32.276Z,,BTC/USDT,43,42181.91,0.0015,42156.0,0.1098
21,1703980892276,2023-12-31T00:01:32.276Z,,BTC/USDT,44,42182.79,0.078903,42155.83,0.525548
21,1703980892276,2023-12-31T00:01:32.276Z,,BTC/USDT,45,42182.8,0.47455,42154.91,0.0015
21,1703980892276,2023-12-31T00:01:32.276Z,,BTC/USDT,46,42182.95,0.068239,42154.78,0.009496
21,1703980892276,2023-12-31T00:01:32.276Z,,BTC/USDT,47,42183.0,0.000198,42154.67,1.278402
21,1703980892276,2023-12-31T00:01:32.276Z,,BTC/USDT,48,42183.14,1.025449,42154.65,0.109928
21,1703980892276,2023-12-31T00:01:32.276Z,,BTC/USDT,49,42183.49,0.525,42154.2,0.12241
21,1703980892276,2023-12-31T00:01:32.276Z,,BTC/USDT,50,42183.57,0.116788,42154.0,0.1098
22,1703980892296,2023-12-31T00:01:32.296Z,,BTC/USDT,1,42169.16,0.710076,42169.15,0.997624
22,1703980892296,2023-12-31T00:01:32.296Z,,BTC/USDT,2,42169.61,0.158298,42169.13,0.5
22,1703980892296,2023-12-31T00:01:32.296Z,,BTC/USDT,3,42169.84,0.068384,42168.0,0.1098
22,1703980892296,2023-12-31T00:01:32.296Z,,BTC/USDT,4,42169.9,0.036,42167.02,0.3
22,1703980892296,2023-12-31T00:01:32.296Z,,BTC/USDT,5,42169.91,0.0015,42167.0,1.261432
22,1703980892296,2023-12-31T00:01:32.296Z,,BTC/USDT,6,42170.0,0.1098,42166.99,0.047428
22,1703980892296,2023-12-31T00:01:32.296Z,,BTC/USDT,7,42170.24,0.006,42166.57,0.028121
22,1703980892296,2023-12-31T00:01:32.296Z,,BTC/USDT,8,42170.54,0.006,42166.56,0.506
22,1703980892296,2023-12-31T00:01:32.296Z,,BTC/USDT,9,42171.0,0.000198,42166.21,0.068391
22,1703980892296,2023-12-31T00:01:32.296Z,,BTC/USDT,10,42171.04,0.023713,42166.16,0.006
22,1703980892296,2023-12-31T00:01:32.296Z,,BTC/USDT,11,42171.99,0.267956,42166.0,0.1098
22,1703980892296,2023-12-31T00:01:32.296Z,,BTC/USDT,12,42172.0,0.123194,42165.39,0.003
22,1703980892296,2023-12-31T00:01:32.296Z,,BTC/USDT,13,42172.91,0.0015,42164.99,0.214205
22,1703980892296,2023-12-31T00:01:32.296Z,,BTC/USDT,14,42172.97,0.175183,42164.98,0.023713
22,1703980892296,2023-12-31T00:01:32.296Z,,BTC/USDT,15,42173.0,0.0025,42164.9,0.098482
22,1703980892296,2023-12-31T00:01:32.296Z,,BTC/USDT,16,42173.34,0.107862,42164.75,0.00451
22,1703980892296,2023-12-31T00:01:32.296Z,,BTC/USDT,17,42173.38,0.525,42164.74,0.011857
22,1703980892296,2023-12-31T00:01:32.296Z,,BTC/USDT,18,42173.71,0.27608,42164.01,1.149545
22,1703980892296,2023-12-31T00:01:32.296Z,,BTC/USDT,19,42174.87,0.342897,42164.0,0.1098
22,1703980892296,2023-12-31T00:01:32.296Z,,BTC/USDT,20,42174.88,0.023713,42163.91,0.0015
22,1703980892296,2023-12-31T00:01:32.296Z,,BTC/USDT,21,42175.13,0.011857,42163.83,0.528525
22,1703980892296,2023-12-31T00:01:32.296Z,,BTC/USDT,22,42175.36,0.004934,42162.8,0.10556
22,1703980892296,2023-12-31T00:01:32.296Z,,BTC/USDT,23,42175.37,0.15765,42162.36,0.276155
22,1703980892296,2023-12-31T00:01:32.296Z,,BTC/USDT,24,42175.91,0.0015,42162.18,0.711438
22,1703980892296,2023-12-31T00:01:32.296Z,,BTC/USDT,25,42176.0,0.0024,42162.12,0.116788
22,1703980892296,2023-12-31T00:01:32.296Z,,BTC/USDT,26,42177.0,0.002928,42162.01,0.238816
22,1703980892296,2023-12-31T00:01:32.296Z,,BTC/USDT,27,42177.34,1.239255,42162.0,0.1098
22,1703980892296,2023-12-31T00:01:32.296Z,,BTC/USDT,28,42177.35,0.569772,42161.99,0.029002
22,1703980892296,2023-12-31T00:01:32.296Z,,BTC/USDT,29,42177.46,0.034978,42160.91,0.0015
22,1703980892296,2023-12-31T00:01:32.296Z,,BTC/USDT,30,42178.19,0.009501,42160.0,0.1098
22,1703980892296,2023-12-31T00:01:32.296Z,,BTC/USDT,31,42178.91,0.0015,42158.73,0.094877
22,1703980892296,2023-12-31T00:01:32.296Z,,BTC/USDT,32,42179.22,1.141882,42158.72,1.239824
