id,timestamp,datetime,nonce,symbol,trade_priority,ask_price,ask_volume,bid_price,bid_volume
0,1692832940211,2023-08-23T23:22:20.211Z,,BTC/USDT,1,26502.01,1.097934,26502.0,3.93771
0,1692832940211,2023-08-23T23:22:20.211Z,,BTC/USDT,2,26502.59,0.616622,26501.97,0.00075
0,1692832940211,2023-08-23T23:22:20.211Z,,BTC/USDT,3,26503.0,0.05,26501.3,0.05
0,1692832940211,2023-08-23T23:22:20.211Z,,BTC/USDT,4,26503.03,0.015093,26500.52,0.390009
0,1692832940211,2023-08-23T23:22:20.211Z,,BTC/USDT,5,26503.99,0.110941,26500.51,0.65
0,1692832940211,2023-08-23T23:22:20.211Z,,BTC/USDT,6,26504.0,0.1849,26500.45,0.378466
0,1692832940211,2023-08-23T23:22:20.211Z,,BTC/USDT,7,26504.01,0.029583,26500.44,0.001
0,1692832940211,2023-08-23T23:22:20.211Z,,BTC/USDT,8,26504.05,0.12,26500.0,0.002
0,1692832940211,2023-08-23T23:22:20.211Z,,BTC/USDT,9,26504.2,0.03,26499.97,0.00075
0,1692832940211,2023-08-23T23:22:20.211Z,,BTC/USDT,10,26505.2,0.754268,26499.16,0.016422
0,1692832940211,2023-08-23T23:22:20.211Z,,BTC/USDT,11,26505.26,0.568839,26498.94,0.65
0,1692832940211,2023-08-23T23:22:20.211Z,,BTC/USDT,12,26505.27,0.156983,26498.93,0.153565
0,1692832940211,2023-08-23T23:22:20.211Z,,BTC/USDT,13,26505.28,0.000141,26498.79,0.629958
0,1692832940211,2023-08-23T23:22:20.211Z,,BTC/USDT,14,26505.38,0.05,26498.69,0.036
0,1692832940211,2023-08-23T23:22:20.211Z,,BTC/USDT,15,26505.58,0.94805,26498.4,0.8716
0,1692832940211,2023-08-23T23:22:20.211Z,,BTC/USDT,16,26505.65,0.01,26498.37,0.011246
0,1692832940211,2023-08-23T23:22:20.211Z,,BTC/USDT,17,26505.73,0.12,26497.98,0.157151
0,1692832940211,2023-08-23T23:22:20.211Z,,BTC/USDT,18,26505.97,0.00075,26497.97,0.00075
0,1692832940211,2023-08-23T23:22:20.211Z,,BTC/USDT,19,26506.0,0.1849,26497.64,0.018054
0,1692832940211,2023-08-23T23:22:20.211Z,,BTC/USDT,20,26506.39,0.001132,26497.58,0.18895
0,1692832940211,2023-08-23T23:22:20.211Z,,BTC/USDT,21,26506.48,0.011327,26497.32,0.18895
0,1692832940211,2023-08-23T23:22:20.211Z,,BTC/USDT,22,26506.56,0.550571,26497.22,0.001132
0,1692832940211,2023-08-23T23:22:20.211Z,,BTC/USDT,23,26506.57,0.91761,26497.21,0.176
0,1692832940211,2023-08-23T23:22:20.211Z,,BTC/USDT,24,26506.95,0.05,26497.1,0.055698
0,1692832940211,2023-08-23T23:22:20.211Z,,BTC/USDT,25,26507.17,0.030381,26497.06,0.18895
0,1692832940211,2023-08-23T23:22:20.211Z,,BTC/USDT,26,26507.57,0.524298,26496.8,0.18895
0,1692832940211,2023-08-23T23:22:20.211Z,,BTC/USDT,27,26507.58,0.87382,26496.79,0.55057
0,1692832940211,2023-08-23T23:22:20.211Z,,BTC/USDT,28,26507.97,0.00112,26496.78,0.91761
0,1692832940211,2023-08-23T23:22:20.211Z,,BTC/USDT,29,26508.0,0.1849,26496.66,0.196809
0,1692832940211,2023-08-23T23:22:20.211Z,,BTC/USDT,30,26508.41,0.284595,26496.54,0.18895
0,1692832940211,2023-08-23T23:22:20.211Z,,BTC/USDT,31,26508.42,0.474314,26496.43,0.10245
0,1692832940211,2023-08-23T23:22:20.211Z,,BTC/USDT,32,26508.44,0.056038,26496.28,0.18895
0,1692832940211,2023-08-23T23:22:20.211Z,,BTC/USDT,33,26509.1,0.001132,26496.02,0.18895
0,1692832940211,2023-08-23T23:22:20.211Z,,BTC/USDT,34,26509.76,0.173,26495.97,0.00075
0,1692832940211,2023-08-23T23:22:20.211Z,,BTC/USDT,35,26509.96,0.161203,26495.8,0.568833
0,1692832940211,2023-08-23T23:22:20.211Z,,BTC/USDT,36,26509.97,0.00075,26495.79,0.94805
0,1692832940211,2023-08-23T23:22:20.211Z,,BTC/USDT,37,26510.0,0.1849,26495.76,0.18895
0,1692832940211,2023-08-23T23:22:20.211Z,,BTC/USDT,38,26510.29,0.18895,26495.67,0.015033
0,1692832940211,2023-08-23T23:22:20.211Z,,BTC/USDT,39,26510.36,0.019705,26495.66,0.754268
0,1692832940211,2023-08-23T23:22:20.211Z,,BTC/USDT,40,26511.04,0.18895,26495.59,0.017238
0,1692832940211,2023-08-23T23:22:20.211Z,,BTC/USDT,41,26511.32,0.075646,26495.5,0.18895
0,1692832940211,2023-08-23T23:22:20.211Z,,BTC/USDT,42,26511.7,0.104145,26494.51,0.001132
0,1692832940211,2023-08-23T23:22:20.211Z,,BTC/USDT,43,26511.94,0.119511,26494.22,0.07542
0,1692832940211,2023-08-23T23:22:20.211Z,,BTC/USDT,44,26511.97,0.00075,26493.97,0.00075
0,1692832940211,2023-08-23T23:22:20.211Z,,BTC/USDT,45,26511.99,0.110948,26493.76,0.55034
0,1692832940211,2023-08-23T23:22:20.211Z,,BTC/USDT,46,26512.0,0.1849,26493.56,0.880564
0,1692832940211,2023-08-23T23:22:20.211Z,,BTC/USDT,47,26512.55,0.377179,26493.05,0.387
0,1692832940211,2023-08-23T23:22:20.211Z,,BTC/USDT,48,26512.81,1.131752,26493.03,0.474314
0,1692832940211,2023-08-23T23:22:20.211Z,,BTC/USDT,49,26512.86,0.187512,26493.01,0.039394
0,1692832940211,2023-08-23T23:22:20.211Z,,BTC/USDT,50,26513.97,0.00075,26492.25,0.679197
1,1692832940430,2023-08-23T23:22:20.430Z,,BTC/USDT,1,26502.01,1.097934,26502.0,3.93771
1,1692832940430,2023-08-23T23:22:20.430Z,,BTC/USDT,2,26502.59,0.616622,26501.97,0.00075
1,1692832940430,2023-08-23T23:22:20.430Z,,BTC/USDT,3,26503.0,0.05,26501.3,0.05
1,1692832940430,2023-08-23T23:22:20.430Z,,BTC/USDT,4,26503.03,0.015093,26500.52,0.390009
1,1692832940430,2023-08-23T23:22:20.430Z,,BTC/USDT,5,26503.98,0.001132,26500.51,0.65
1,1692832940430,2023-08-23T23:22:20.430Z,,BTC/USDT,6,26503.99,0.110941,26500.45,0.378466
1,1692832940430,2023-08-23T23:22:20.430Z,,BTC/USDT,7,26504.0,0.1849,26500.44,0.001
1,1692832940430,2023-08-23T23:22:20.430Z,,BTC/USDT,8,26504.01,0.029583,26500.0,0.002
1,1692832940430,2023-08-23T23:22:20.430Z,,BTC/USDT,9,26504.05,0.12,26499.97,0.00075
1,1692832940430,2023-08-23T23:22:20.430Z,,BTC/USDT,10,26504.2,0.03,26499.16,0.016422
1,1692832940430,2023-08-23T23:22:20.430Z,,BTC/USDT,11,26505.2,0.754268,26498.94,0.65
1,1692832940430,2023-08-23T23:22:20.430Z,,BTC/USDT,12,26505.26,0.568839,26498.93,0.153565
1,1692832940430,2023-08-23T23:22:20.430Z,,BTC/USDT,13,26505.27,0.156983,26498.79,0.629958
1,1692832940430,2023-08-23T23:22:20.430Z,,BTC/USDT,14,26505.28,0.000141,26498.69,0.036
1,1692832940430,2023-08-23T23:22:20.430Z,,BTC/USDT,15,26505.38,0.05,26498.4,0.8716
1,1692832940430,2023-08-23T23:22:20.430Z,,BTC/USDT,16,26505.58,0.94805,26498.37,0.011246
1,1692832940430,2023-08-23T23:22:20.430Z,,BTC/USDT,17,26505.65,0.01,26497.98,0.157151
1,1692832940430,2023-08-23T23:22:20.430Z,,BTC/USDT,18,26505.73,0.12,26497.97,0.00075
1,1692832940430,2023-08-23T23:22:20.430Z,,BTC/USDT,19,26505.97,0.00075,26497.84,0.18895
1,1692832940430,2023-08-23T23:22:20.430Z,,BTC/USDT,20,26506.0,0.1849,26497.64,0.018054
1,1692832940430,2023-08-23T23:22:20.430Z,,BTC/USDT,21,26506.48,0.011327,26497.58,0.18895
1,1692832940430,2023-08-23T23:22:20.430Z,,BTC/USDT,22,26506.56,0.550571,26497.32,0.18895
1,1692832940430,2023-08-23T23:22:20.430Z,,BTC/USDT,23,26506.57,0.91761,26497.22,0.001132
1,1692832940430,2023-08-23T23:22:20.430Z,,BTC/USDT,24,26506.77,0.849008,26497.21,0.176
1,1692832940430,2023-08-23T23:22:20.430Z,,BTC/USDT,25,26506.95,0.05,26497.1,0.055698
1,1692832940430,2023-08-23T23:22:20.430Z,,BTC/USDT,26,26507.17,0.030381,26497.06,0.18895
1,1692832940430,2023-08-23T23:22:20.430Z,,BTC/USDT,27,26507.57,0.524298,26496.8,0.18895
1,1692832940430,2023-08-23T23:22:20.430Z,,BTC/USDT,28,26507.58,0.87382,26496.79,0.55057
1,1692832940430,2023-08-23T23:22:20.430Z,,BTC/USDT,29,26507.97,0.00112,26496.78,0.91761
1,1692832940430,2023-08-23T23:22:20.430Z,,BTC/USDT,30,26508.0,0.1849,26496.66,0.196809
1,1692832940430,2023-08-23T23:22:20.430Z,,BTC/USDT,31,26508.41,0.284595,26496.54,0.18895
1,1692832940430,2023-08-23T23:22:20.430Z,,BTC/USDT,32,26508.42,0.474314,26496.43,0.10245
1,1692832940430,2023-08-23T23:22:20.430Z,,BTC/USDT,33,26508.44,0.056038,26496.28,0.18895
1,1692832940430,2023-08-23T23:22:20.430Z,,BTC/USDT,34,26508.82,0.18895,26496.02,0.18895
1,1692832940430,2023-08-23T23:22:20.430Z,,BTC/USDT,35,26509.1,0.001132,26495.97,0.00075
1,1692832940430,2023-08-23T23:22:20.430Z,,BTC/USDT,36,26509.52,0.18895,26495.8,0.568833
1,1692832940430,2023-08-23T23:22:20.430Z,,BTC/USDT,37,26509.76,0.173,26495.79,0.94805
1,1692832940430,2023-08-23T23:22:20.430Z,,BTC/USDT,38,26509.96,0.161203,26495.76,0.18895
1,1692832940430,2023-08-23T23:22:20.430Z,,BTC/USDT,39,26509.97,0.00075,26495.67,0.015033
1,1692832940430,2023-08-23T23:22:20.430Z,,BTC/USDT,40,26510.0,0.1849,26495.66,0.754268
1,1692832940430,2023-08-23T23:22:20.430Z,,BTC/USDT,41,26510.29,0.18895,26495.59,0.017238
1,1692832940430,2023-08-23T23:22:20.430Z,,BTC/USDT,42,26510.36,0.019705,26494.51,0.001132
1,1692832940430,2023-08-23T23:22:20.430Z,,BTC/USDT,43,26511.04,0.18895,26494.22,0.07542
1,1692832940430,2023-08-23T23:22:20.430Z,,BTC/USDT,44,26511.32,0.075646,26493.97,0.00075
1,1692832940430,2023-08-23T23:22:20.430Z,,BTC/USDT,45,26511.7,0.104145,26493.76,0.55034
1,1692832940430,2023-08-23T23:22:20.430Z,,BTC/USDT,46,26511.97,0.00075,26493.56,0.880564
1,1692832940430,2023-08-23T23:22:20.430Z,,BTC/USDT,47,26511.99,0.110948,26493.05,0.387
1,1692832940430,2023-08-23T23:22:20.430Z,,BTC/USDT,48,26512.0,0.1849,26493.03,0.474314
1,1692832940430,2023-08-23T23:22:20.430Z,,BTC/USDT,49,26512.55,0.377179,26493.01,0.039394
1,1692832940430,2023-08-23T23:22:20.430Z,,BTC/USDT,50,26512.81,1.131752,26492.25,0.679197
2,1692832940751,2023-08-23T23:22:20.751Z,,BTC/USDT,1,26502.01,1.097934,26502.0,3.724122
2,1692832940751,2023-08-23T23:22:20.751Z,,BTC/USDT,2,26502.59,0.616622,26501.97,0.00075
2,1692832940751,2023-08-23T23:22:20.751Z,,BTC/USDT,3,26503.0,0.05,26501.3,0.05
2,1692832940751,2023-08-23T23:22:20.751Z,,BTC/USDT,4,26503.03,0.015093,26500.46,0.227082
2,1692832940751,2023-08-23T23:22:20.751Z,,BTC/USDT,5,26503.98,0.001132,26500.45,0.378466
2,1692832940751,2023-08-23T23:22:20.751Z,,BTC/USDT,6,26503.99,0.110941,26500.44,0.001
2,1692832940751,2023-08-23T23:22:20.751Z,,BTC/USDT,7,26504.0,0.1849,26500.0,0.002
2,1692832940751,2023-08-23T23:22:20.751Z,,BTC/USDT,8,26504.01,0.029583,26499.97,0.00075
2,1692832940751,2023-08-23T23:22:20.751Z,,BTC/USDT,9,26504.05,0.12,26499.16,0.016422
2,1692832940751,2023-08-23T23:22:20.751Z,,BTC/USDT,10,26504.2,0.03,26498.94,0.65
2,1692832940751,2023-08-23T23:22:20.751Z,,BTC/USDT,11,26505.2,0.754268,26498.93,0.153565
2,1692832940751,2023-08-23T23:22:20.751Z,,BTC/USDT,12,26505.26,0.568839,26498.79,0.629958
2,1692832940751,2023-08-23T23:22:20.751Z,,BTC/USDT,13,26505.27,0.156983,26498.69,0.036
2,1692832940751,2023-08-23T23:22:20.751Z,,BTC/USDT,14,26505.28,0.000141,26498.4,0.8716
2,1692832940751,2023-08-23T23:22:20.751Z,,BTC/USDT,15,26505.38,0.05,26498.37,0.011246
2,1692832940751,2023-08-23T23:22:20.751Z,,BTC/USDT,16,26505.58,0.94805,26498.36,0.18895
2,1692832940751,2023-08-23T23:22:20.751Z,,BTC/USDT,17,26505.65,0.01,26498.1,0.18895
2,1692832940751,2023-08-23T23:22:20.751Z,,BTC/USDT,18,26505.73,0.12,26497.98,0.157151
2,1692832940751,2023-08-23T23:22:20.751Z,,BTC/USDT,19,26505.97,0.00075,26497.97,0.00075
2,1692832940751,2023-08-23T23:22:20.751Z,,BTC/USDT,20,26506.0,0.1849,26497.84,0.18895
2,1692832940751,2023-08-23T23:22:20.751Z,,BTC/USDT,21,26506.48,0.011327,26497.64,0.018054
2,1692832940751,2023-08-23T23:22:20.751Z,,BTC/USDT,22,26506.56,0.550571,26497.58,0.18895
2,1692832940751,2023-08-23T23:22:20.751Z,,BTC/USDT,23,26506.57,0.91761,26497.32,0.18895
2,1692832940751,2023-08-23T23:22:20.751Z,,BTC/USDT,24,26506.77,0.849008,26497.22,0.001132
2,1692832940751,2023-08-23T23:22:20.751Z,,BTC/USDT,25,26506.95,0.05,26497.21,0.176
2,1692832940751,2023-08-23T23:22:20.751Z,,BTC/USDT,26,26507.17,0.030381,26497.1,0.055698
2,1692832940751,2023-08-23T23:22:20.751Z,,BTC/USDT,27,26507.57,0.524298,26497.06,0.18895
2,1692832940751,2023-08-23T23:22:20.751Z,,BTC/USDT,28,26507.58,0.87382,26496.8,0.18895
2,1692832940751,2023-08-23T23:22:20.751Z,,BTC/USDT,29,26507.94,0.075646,26496.79,0.55057
2,1692832940751,2023-08-23T23:22:20.751Z,,BTC/USDT,30,26507.97,0.00112,26496.78,0.91761
2,1692832940751,2023-08-23T23:22:20.751Z,,BTC/USDT,31,26508.0,0.1849,26496.66,0.196809
2,1692832940751,2023-08-23T23:22:20.751Z,,BTC/USDT,32,26508.17,0.18895,26496.54,0.18895
2,1692832940751,2023-08-23T23:22:20.751Z,,BTC/USDT,33,26508.41,0.284595,26496.43,0.10245
2,1692832940751,2023-08-23T23:22:20.751Z,,BTC/USDT,34,26508.42,0.474314,26496.28,0.18895
2,1692832940751,2023-08-23T23:22:20.751Z,,BTC/USDT,35,26508.43,0.18895,26495.97,0.00075
2,1692832940751,2023-08-23T23:22:20.751Z,,BTC/USDT,36,26508.44,0.056038,26495.8,0.568833
2,1692832940751,2023-08-23T23:22:20.751Z,,BTC/USDT,37,26508.82,0.18895,26495.79,0.94805
2,1692832940751,2023-08-23T23:22:20.751Z,,BTC/USDT,38,26509.1,0.001132,26495.67,0.015033
2,1692832940751,2023-08-23T23:22:20.751Z,,BTC/USDT,39,26509.52,0.18895,26495.66,0.754268
2,1692832940751,2023-08-23T23:22:20.751Z,,BTC/USDT,40,26509.76,0.173,26495.59,0.017238
2,1692832940751,2023-08-23T23:22:20.751Z,,BTC/USDT,41,26509.96,0.161203,26494.51,0.001132
2,1692832940751,2023-08-23T23:22:20.751Z,,BTC/USDT,42,26509.97,0.00075,26494.22,0.07542
2,1692832940751,2023-08-23T23:22:20.751Z,,BTC/USDT,43,26510.0,0.1849,26493.97,0.00075
2,1692832940751,2023-08-23T23:22:20.751Z,,BTC/USDT,44,26510.29,0.18895,26493.76,0.55034
2,1692832940751,2023-08-23T23:22:20.751Z,,BTC/USDT,45,26510.36,0.019705,26493.56,0.880564
2,1692832940751,2023-08-23T23:22:20.751Z,,BTC/USDT,46,26511.04,0.18895,26493.05,0.387
2,1692832940751,2023-08-23T23:22:20.751Z,,BTC/USDT,47,26511.7,0.104145,26493.03,0.474314
2,1692832940751,2023-08-23T23:22:20.751Z,,BTC/USDT,48,26511.76,0.18895,26493.01,0.039394
2,1692832940751,2023-08-23T23:22:20.751Z,,BTC/USDT,49,26511.97,0.00075,26492.78,0.080135
2,1692832940751,2023-08-23T23:22:20.751Z,,BTC/USDT,50,26512.0,0.1849,26492.25,0.679197
3,1692832940850,2023-08-23T23:22:20.850Z,,BTC/USDT,1,26502.01,1.097934,26502.0,3.724122
3,1692832940850,2023-08-23T23:22:20.850Z,,BTC/USDT,2,26502.59,0.616622,26501.97,0.00075
3,1692832940850,2023-08-23T23:22:20.850Z,,BTC/USDT,3,26503.0,0.05,26501.3,0.05
3,1692832940850,2023-08-23T23:22:20.850Z,,BTC/USDT,4,26503.03,0.015093,26500.46,0.227082
3,1692832940850,2023-08-23T23:22:20.850Z,,BTC/USDT,5,26503.98,0.001132,26500.45,0.378466
3,1692832940850,2023-08-23T23:22:20.850Z,,BTC/USDT,6,26503.99,0.110941,26500.44,0.001
3,1692832940850,2023-08-23T23:22:20.850Z,,BTC/USDT,7,26504.0,0.1849,26500.0,0.002
3,1692832940850,2023-08-23T23:22:20.850Z,,BTC/USDT,8,26504.01,0.029583,26499.97,0.00075
3,1692832940850,2023-08-23T23:22:20.850Z,,BTC/USDT,9,26504.05,0.12,26499.16,0.016422
3,1692832940850,2023-08-23T23:22:20.850Z,,BTC/USDT,10,26504.2,0.03,26498.94,0.65
3,1692832940850,2023-08-23T23:22:20.850Z,,BTC/USDT,11,26505.2,0.754268,26498.93,0.153565
3,1692832940850,2023-08-23T23:22:20.850Z,,BTC/USDT,12,26505.26,0.568839,26498.79,0.629958
3,1692832940850,2023-08-23T23:22:20.850Z,,BTC/USDT,13,26505.27,0.156983,26498.69,0.036
3,1692832940850,2023-08-23T23:22:20.850Z,,BTC/USDT,14,26505.28,0.000141,26498.4,0.8716
3,1692832940850,2023-08-23T23:22:20.850Z,,BTC/USDT,15,26505.38,0.05,26498.37,0.011246
3,1692832940850,2023-08-23T23:22:20.850Z,,BTC/USDT,16,26505.58,0.94805,26498.36,0.18895
3,1692832940850,2023-08-23T23:22:20.850Z,,BTC/USDT,17,26505.65,0.01,26498.1,0.18895
3,1692832940850,2023-08-23T23:22:20.850Z,,BTC/USDT,18,26505.73,0.12,26497.98,0.157151
3,1692832940850,2023-08-23T23:22:20.850Z,,BTC/USDT,19,26505.97,0.00075,26497.97,0.00075
3,1692832940850,2023-08-23T23:22:20.850Z,,BTC/USDT,20,26506.0,0.1849,26497.84,0.18895
3,1692832940850,2023-08-23T23:22:20.850Z,,BTC/USDT,21,26506.48,0.011327,26497.64,0.018054
3,1692832940850,2023-08-23T23:22:20.850Z,,BTC/USDT,22,26506.56,0.550571,26497.58,0.18895
3,1692832940850,2023-08-23T23:22:20.850Z,,BTC/USDT,23,26506.57,0.91761,26497.32,0.18895
3,1692832940850,2023-08-23T23:22:20.850Z,,BTC/USDT,24,26506.77,0.849008,26497.22,0.001132
3,1692832940850,2023-08-23T23:22:20.850Z,,BTC/USDT,25,26506.95,0.05,26497.21,0.176
3,1692832940850,2023-08-23T23:22:20.850Z,,BTC/USDT,26,26507.17,0.030381,26497.1,0.055698
3,1692832940850,2023-08-23T23:22:20.850Z,,BTC/USDT,27,26507.57,0.524298,26497.06,0.18895
3,1692832940850,2023-08-23T23:22:20.850Z,,BTC/USDT,28,26507.58,0.87382,26496.8,0.18895
3,1692832940850,2023-08-23T23:22:20.850Z,,BTC/USDT,29,26507.91,0.18895,26496.79,0.55057
3,1692832940850,2023-08-23T23:22:20.850Z,,BTC/USDT,30,26507.94,0.075646,26496.78,0.91761
3,1692832940850,2023-08-23T23:22:20.850Z,,BTC/USDT,31,26507.97,0.00112,26496.66,0.196809
3,1692832940850,2023-08-23T23:22:20.850Z,,BTC/USDT,32,26508.0,0.1849,26496.54,0.18895
3,1692832940850,2023-08-23T23:22:20.850Z,,BTC/USDT,33,26508.17,0.18895,26496.43,0.10245
3,1692832940850,2023-08-23T23:22:20.850Z,,BTC/USDT,34,26508.41,0.284595,26495.97,0.00075
3,1692832940850,2023-08-23T23:22:20.850Z,,BTC/USDT,35,26508.42,0.474314,26495.8,0.568833
3,1692832940850,2023-08-23T23:22:20.850Z,,BTC/USDT,36,26508.43,0.18895,26495.79,0.94805
3,1692832940850,2023-08-23T23:22:20.850Z,,BTC/USDT,37,26508.44,0.056038,26495.67,0.015033
3,1692832940850,2023-08-23T23:22:20.850Z,,BTC/USDT,38,26508.82,0.18895,26495.66,0.754268
3,1692832940850,2023-08-23T23:22:20.850Z,,BTC/USDT,39,26509.1,0.001132,26495.59,0.017238
3,1692832940850,2023-08-23T23:22:20.850Z,,BTC/USDT,40,26509.52,0.18895,26494.51,0.001132
3,1692832940850,2023-08-23T23:22:20.850Z,,BTC/USDT,41,26509.76,0.173,26494.22,0.07542
3,1692832940850,2023-08-23T23:22:20.850Z,,BTC/USDT,42,26509.96,0.161203,26493.97,0.00075
3,1692832940850,2023-08-23T23:22:20.850Z,,BTC/USDT,43,26509.97,0.00075,26493.76,0.55034
3,1692832940850,2023-08-23T23:22:20.850Z,,BTC/USDT,44,26510.0,0.1849,26493.56,0.880564
3,1692832940850,2023-08-23T23:22:20.850Z,,BTC/USDT,45,26510.29,0.18895,26493.05,0.387
3,1692832940850,2023-08-23T23:22:20.850Z,,BTC/USDT,46,26510.36,0.019705,26493.03,0.474314
3,1692832940850,2023-08-23T23:22:20.850Z,,BTC/USDT,47,26511.04,0.18895,26493.01,0.039394
3,1692832940850,2023-08-23T23:22:20.850Z,,BTC/USDT,48,26511.7,0.104145,26492.78,0.080135
3,1692832940850,2023-08-23T23:22:20.850Z,,BTC/USDT,49,26511.76,0.18895,26492.25,0.679197
3,1692832940850,2023-08-23T23:22:20.850Z,,BTC/USDT,50,26511.97,0.00075,26492.24,1.131987
4,1692832940951,2023-08-23T23:22:20.951Z,,BTC/USDT,1,26502.01,1.097934,26502.0,3.724122
4,1692832940951,2023-08-23T23:22:20.951Z,,BTC/USDT,2,26502.59,0.616622,26501.97,0.00075
4,1692832940951,2023-08-23T23:22:20.951Z,,BTC/USDT,3,26503.0,0.05,26501.3,0.05
4,1692832940951,2023-08-23T23:22:20.951Z,,BTC/USDT,4,26503.03,0.015093,26500.46,0.227082
4,1692832940951,2023-08-23T23:22:20.951Z,,BTC/USDT,5,26503.98,0.001132,26500.45,0.378466
4,1692832940951,2023-08-23T23:22:20.951Z,,BTC/USDT,6,26503.99,0.110941,26500.44,0.001
4,1692832940951,2023-08-23T23:22:20.951Z,,BTC/USDT,7,26504.0,0.1849,26500.0,0.002
4,1692832940951,2023-08-23T23:22:20.951Z,,BTC/USDT,8,26504.01,0.029583,26499.97,0.00075
4,1692832940951,2023-08-23T23:22:20.951Z,,BTC/USDT,9,26504.05,0.12,26499.16,0.016422
4,1692832940951,2023-08-23T23:22:20.951Z,,BTC/USDT,10,26504.2,0.03,26498.94,0.65
4,1692832940951,2023-08-23T23:22:20.951Z,,BTC/USDT,11,26505.2,0.754268,26498.93,0.153565
4,1692832940951,2023-08-23T23:22:20.951Z,,BTC/USDT,12,26505.26,0.568839,26498.79,0.629958
4,1692832940951,2023-08-23T23:22:20.951Z,,BTC/USDT,13,26505.27,0.156983,26498.69,0.036
4,1692832940951,2023-08-23T23:22:20.951Z,,BTC/USDT,14,26505.28,0.000141,26498.62,0.18895
4,1692832940951,2023-08-23T23:22:20.951Z,,BTC/USDT,15,26505.38,0.05,26498.4,0.8716
4,1692832940951,2023-08-23T23:22:20.951Z,,BTC/USDT,16,26505.58,0.94805,26498.37,0.011246
4,1692832940951,2023-08-23T23:22:20.951Z,,BTC/USDT,17,26505.65,0.01,26498.36,0.18895
4,1692832940951,2023-08-23T23:22:20.951Z,,BTC/USDT,18,26505.73,0.12,26498.1,0.18895
4,1692832940951,2023-08-23T23:22:20.951Z,,BTC/USDT,19,26505.97,0.00075,26497.98,0.157151
4,1692832940951,2023-08-23T23:22:20.951Z,,BTC/USDT,20,26506.0,0.1849,26497.97,0.00075
4,1692832940951,2023-08-23T23:22:20.951Z,,BTC/USDT,21,26506.48,0.011327,26497.84,0.18895
4,1692832940951,2023-08-23T23:22:20.951Z,,BTC/USDT,22,26506.56,0.550571,26497.64,0.018054
4,1692832940951,2023-08-23T23:22:20.951Z,,BTC/USDT,23,26506.57,0.91761,26497.58,0.18895
4,1692832940951,2023-08-23T23:22:20.951Z,,BTC/USDT,24,26506.77,0.849008,26497.32,0.18895
4,1692832940951,2023-08-23T23:22:20.951Z,,BTC/USDT,25,26506.95,0.05,26497.22,0.001132
4,1692832940951,2023-08-23T23:22:20.951Z,,BTC/USDT,26,26507.17,0.030381,26497.21,0.176
4,1692832940951,2023-08-23T23:22:20.951Z,,BTC/USDT,27,26507.57,0.524298,26497.1,0.055698
4,1692832940951,2023-08-23T23:22:20.951Z,,BTC/USDT,28,26507.58,0.87382,26497.06,0.18895
4,1692832940951,2023-08-23T23:22:20.951Z,,BTC/USDT,29,26507.65,0.18895,26496.8,0.18895
4,1692832940951,2023-08-23T23:22:20.951Z,,BTC/USDT,30,26507.91,0.18895,26496.79,0.55057
4,1692832940951,2023-08-23T23:22:20.951Z,,BTC/USDT,31,26507.94,0.075646,26496.78,0.91761
4,1692832940951,2023-08-23T23:22:20.951Z,,BTC/USDT,32,26507.97,0.00112,26496.66,0.196809
4,1692832940951,2023-08-23T23:22:20.951Z,,BTC/USDT,33,26508.0,0.1849,26496.54,0.18895
4,1692832940951,2023-08-23T23:22:20.951Z,,BTC/USDT,34,26508.17,0.18895,26496.43,0.10245
4,1692832940951,2023-08-23T23:22:20.951Z,,BTC/USDT,35,26508.41,0.284595,26495.97,0.00075
4,1692832940951,2023-08-23T23:22:20.951Z,,BTC/USDT,36,26508.42,0.474314,26495.8,0.568833
4,1692832940951,2023-08-23T23:22:20.951Z,,BTC/USDT,37,26508.43,0.18895,26495.79,0.94805
4,1692832940951,2023-08-23T23:22:20.951Z,,BTC/USDT,38,26508.44,0.056038,26495.67,0.015033
4,1692832940951,2023-08-23T23:22:20.951Z,,BTC/USDT,39,26508.82,0.18895,26495.66,0.754268
4,1692832940951,2023-08-23T23:22:20.951Z,,BTC/USDT,40,26509.1,0.001132,26495.59,0.017238
4,1692832940951,2023-08-23T23:22:20.951Z,,BTC/USDT,41,26509.52,0.18895,26494.51,0.001132
4,1692832940951,2023-08-23T23:22:20.951Z,,BTC/USDT,42,26509.76,0.173,26494.22,0.07542
4,1692832940951,2023-08-23T23:22:20.951Z,,BTC/USDT,43,26509.96,0.161203,26493.97,0.00075
4,1692832940951,2023-08-23T23:22:20.951Z,,BTC/USDT,44,26509.97,0.00075,26493.76,0.55034
4,1692832940951,2023-08-23T23:22:20.951Z,,BTC/USDT,45,26510.0,0.1849,26493.56,0.880564
4,1692832940951,2023-08-23T23:22:20.951Z,,BTC/USDT,46,26510.29,0.18895,26493.05,0.387
4,1692832940951,2023-08-23T23:22:20.951Z,,BTC/USDT,47,26510.36,0.019705,26493.03,0.474314
4,1692832940951,2023-08-23T23:22:20.951Z,,BTC/USDT,48,26511.04,0.18895,26493.01,0.039394
4,1692832940951,2023-08-23T23:22:20.951Z,,BTC/USDT,49,26511.7,0.104145,26492.78,0.080135
4,1692832940951,2023-08-23T23:22:20.951Z,,BTC/USDT,50,26511.76,0.18895,26492.25,0.679197
5,1692832940990,2023-08-23T23:22:20.990Z,,BTC/USDT,1,26502.01,1.097934,26502.0,3.724122
5,1692832940990,2023-08-23T23:22:20.990Z,,BTC/USDT,2,26502.59,0.616622,26501.97,0.00075
5,1692832940990,2023-08-23T23:22:20.990Z,,BTC/USDT,3,26503.0,0.05,26501.3,0.05
5,1692832940990,2023-08-23T23:22:20.990Z,,BTC/USDT,4,26503.03,0.015093,26500.46,0.227082
5,1692832940990,2023-08-23T23:22:20.990Z,,BTC/USDT,5,26503.98,0.001132,26500.45,0.378466
5,1692832940990,2023-08-23T23:22:20.990Z,,BTC/USDT,6,26503.99,0.110941,26500.44,0.001
5,1692832940990,2023-08-23T23:22:20.990Z,,BTC/USDT,7,26504.0,0.1849,26500.0,0.002
5,1692832940990,2023-08-23T23:22:20.990Z,,BTC/USDT,8,26504.01,0.029583,26499.97,0.00075
5,1692832940990,2023-08-23T23:22:20.990Z,,BTC/USDT,9,26504.05,0.12,26499.16,0.016422
5,1692832940990,2023-08-23T23:22:20.990Z,,BTC/USDT,10,26504.2,0.03,26498.94,0.65
5,1692832940990,2023-08-23T23:22:20.990Z,,BTC/USDT,11,26505.2,0.754268,26498.93,0.153565
5,1692832940990,2023-08-23T23:22:20.990Z,,BTC/USDT,12,26505.26,0.568839,26498.79,0.629958
5,1692832940990,2023-08-23T23:22:20.990Z,,BTC/USDT,13,26505.27,0.156983,26498.69,0.036
5,1692832940990,2023-08-23T23:22:20.990Z,,BTC/USDT,14,26505.28,0.000141,26498.62,0.18895
5,1692832940990,2023-08-23T23:22:20.990Z,,BTC/USDT,15,26505.38,0.05,26498.4,0.8716
5,1692832940990,2023-08-23T23:22:20.990Z,,BTC/USDT,16,26505.58,0.94805,26498.37,0.011246
5,1692832940990,2023-08-23T23:22:20.990Z,,BTC/USDT,17,26505.62,0.0153,26498.36,0.18895
5,1692832940990,2023-08-23T23:22:20.990Z,,BTC/USDT,18,26505.65,0.01,26498.1,0.18895
5,1692832940990,2023-08-23T23:22:20.990Z,,BTC/USDT,19,26505.73,0.12,26497.98,0.157151
5,1692832940990,2023-08-23T23:22:20.990Z,,BTC/USDT,20,26505.97,0.00075,26497.97,0.00075
5,1692832940990,2023-08-23T23:22:20.990Z,,BTC/USDT,21,26506.0,0.1849,26497.84,0.18895
5,1692832940990,2023-08-23T23:22:20.990Z,,BTC/USDT,22,26506.48,0.011327,26497.64,0.018054
5,1692832940990,2023-08-23T23:22:20.990Z,,BTC/USDT,23,26506.56,0.550571,26497.58,0.18895
5,1692832940990,2023-08-23T23:22:20.990Z,,BTC/USDT,24,26506.57,0.91761,26497.32,0.18895
5,1692832940990,2023-08-23T23:22:20.990Z,,BTC/USDT,25,26506.77,0.849008,26497.22,0.001132
5,1692832940990,2023-08-23T23:22:20.990Z,,BTC/USDT,26,26506.95,0.05,26497.21,0.176
5,1692832940990,2023-08-23T23:22:20.990Z,,BTC/USDT,27,26507.17,0.030381,26497.1,0.055698
5,1692832940990,2023-08-23T23:22:20.990Z,,BTC/USDT,28,26507.57,0.524298,26497.06,0.18895
5,1692832940990,2023-08-23T23:22:20.990Z,,BTC/USDT,29,26507.58,0.87382,26496.8,0.18895
5,1692832940990,2023-08-23T23:22:20.990Z,,BTC/USDT,30,26507.65,0.18895,26496.79,0.55057
5,1692832940990,2023-08-23T23:22:20.990Z,,BTC/USDT,31,26507.91,0.18895,26496.78,0.91761
5,1692832940990,2023-08-23T23:22:20.990Z,,BTC/USDT,32,26507.94,0.075646,26496.66,0.196809
5,1692832940990,2023-08-23T23:22:20.990Z,,BTC/USDT,33,26507.97,0.00112,26496.54,0.18895
5,1692832940990,2023-08-23T23:22:20.990Z,,BTC/USDT,34,26508.0,0.1849,26496.43,0.10245
5,1692832940990,2023-08-23T23:22:20.990Z,,BTC/USDT,35,26508.17,0.18895,26495.97,0.00075
5,1692832940990,2023-08-23T23:22:20.990Z,,BTC/USDT,36,26508.41,0.284595,26495.8,0.568833
5,1692832940990,2023-08-23T23:22:20.990Z,,BTC/USDT,37,26508.42,0.474314,26495.79,0.94805
5,1692832940990,2023-08-23T23:22:20.990Z,,BTC/USDT,38,26508.43,0.18895,26495.67,0.015033
5,1692832940990,2023-08-23T23:22:20.990Z,,BTC/USDT,39,26508.44,0.056038,26495.66,0.754268
5,1692832940990,2023-08-23T23:22:20.990Z,,BTC/USDT,40,26508.82,0.18895,26495.59,0.017238
5,1692832940990,2023-08-23T23:22:20.990Z,,BTC/USDT,41,26509.1,0.001132,26494.51,0.001132
5,1692832940990,2023-08-23T23:22:20.990Z,,BTC/USDT,42,26509.52,0.18895,26494.22,0.07542
5,1692832940990,2023-08-23T23:22:20.990Z,,BTC/USDT,43,26509.76,0.173,26493.97,0.00075
5,1692832940990,2023-08-23T23:22:20.990Z,,BTC/USDT,44,26509.96,0.161203,26493.76,0.55034
5,1692832940990,2023-08-23T23:22:20.990Z,,BTC/USDT,45,26509.97,0.00075,26493.56,0.880564
5,1692832940990,2023-08-23T23:22:20.990Z,,BTC/USDT,46,26510.0,0.1849,26493.05,0.387
5,1692832940990,2023-08-23T23:22:20.990Z,,BTC/USDT,47,26510.29,0.18895,26493.03,0.474314
5,1692832940990,2023-08-23T23:22:20.990Z,,BTC/USDT,48,26510.36,0.019705,26493.01,0.039394
5,1692832940990,2023-08-23T23:22:20.990Z,,BTC/USDT,49,26511.04,0.18895,26492.78,0.080135
5,1692832940990,2023-08-23T23:22:20.990Z,,BTC/USDT,50,26511.7,0.104145,26492.25,0.679197
6,1692832941050,2023-08-23T23:22:21.050Z,,BTC/USDT,1,26502.01,1.097934,26502.0,3.724122
6,1692832941050,2023-08-23T23:22:21.050Z,,BTC/USDT,2,26502.59,0.616622,26501.97,0.00075
6,1692832941050,2023-08-23T23:22:21.050Z,,BTC/USDT,3,26503.0,0.05,26501.3,0.05
6,1692832941050,2023-08-23T23:22:21.050Z,,BTC/USDT,4,26503.03,0.015093,26500.46,0.227082
6,1692832941050,2023-08-23T23:22:21.050Z,,BTC/USDT,5,26503.98,0.001132,26500.45,0.378466
6,1692832941050,2023-08-23T23:22:21.050Z,,BTC/USDT,6,26503.99,0.110941,26500.44,0.001
6,1692832941050,2023-08-23T23:22:21.050Z,,BTC/USDT,7,26504.0,0.1849,26500.0,0.002
6,1692832941050,2023-08-23T23:22:21.050Z,,BTC/USDT,8,26504.01,0.029583,26499.97,0.00075
6,1692832941050,2023-08-23T23:22:21.050Z,,BTC/USDT,9,26504.05,0.12,26499.16,0.016422
6,1692832941050,2023-08-23T23:22:21.050Z,,BTC/USDT,10,26504.2,0.03,26498.94,0.65
6,1692832941050,2023-08-23T23:22:21.050Z,,BTC/USDT,11,26505.2,0.754268,26498.93,0.153565
6,1692832941050,2023-08-23T23:22:21.050Z,,BTC/USDT,12,26505.26,0.568839,26498.79,0.629958
6,1692832941050,2023-08-23T23:22:21.050Z,,BTC/USDT,13,26505.27,0.156983,26498.69,0.036
6,1692832941050,2023-08-23T23:22:21.050Z,,BTC/USDT,14,26505.28,0.000141,26498.62,0.18895
6,1692832941050,2023-08-23T23:22:21.050Z,,BTC/USDT,15,26505.38,0.05,26498.4,0.8716
6,1692832941050,2023-08-23T23:22:21.050Z,,BTC/USDT,16,26505.58,0.94805,26498.37,0.011246
6,1692832941050,2023-08-23T23:22:21.050Z,,BTC/USDT,17,26505.62,0.0153,26498.36,0.18895
6,1692832941050,2023-08-23T23:22:21.050Z,,BTC/USDT,18,26505.65,0.01,26498.1,0.18895
6,1692832941050,2023-08-23T23:22:21.050Z,,BTC/USDT,19,26505.73,0.12,26497.98,0.157151
6,1692832941050,2023-08-23T23:22:21.050Z,,BTC/USDT,20,26505.97,0.00075,26497.97,0.00075
6,1692832941050,2023-08-23T23:22:21.050Z,,BTC/USDT,21,26506.0,0.1849,26497.84,0.18895
6,1692832941050,2023-08-23T23:22:21.050Z,,BTC/USDT,22,26506.48,0.011327,26497.64,0.018054
6,1692832941050,2023-08-23T23:22:21.050Z,,BTC/USDT,23,26506.56,0.550571,26497.58,0.18895
6,1692832941050,2023-08-23T23:22:21.050Z,,BTC/USDT,24,26506.57,0.91761,26497.32,0.18895
6,1692832941050,2023-08-23T23:22:21.050Z,,BTC/USDT,25,26506.77,0.849008,26497.22,0.001132
6,1692832941050,2023-08-23T23:22:21.050Z,,BTC/USDT,26,26506.95,0.05,26497.21,0.176
6,1692832941050,2023-08-23T23:22:21.050Z,,BTC/USDT,27,26507.17,0.030381,26497.1,0.055698
6,1692832941050,2023-08-23T23:22:21.050Z,,BTC/USDT,28,26507.57,0.524298,26497.06,0.18895
6,1692832941050,2023-08-23T23:22:21.050Z,,BTC/USDT,29,26507.58,0.87382,26496.8,0.18895
6,1692832941050,2023-08-23T23:22:21.050Z,,BTC/USDT,30,26507.65,0.18895,26496.79,0.55057
6,1692832941050,2023-08-23T23:22:21.050Z,,BTC/USDT,31,26507.91,0.18895,26496.78,0.91761
6,1692832941050,2023-08-23T23:22:21.050Z,,BTC/USDT,32,26507.94,0.075646,26496.66,0.196809
6,1692832941050,2023-08-23T23:22:21.050Z,,BTC/USDT,33,26507.97,0.00112,26496.43,0.10245
6,1692832941050,2023-08-23T23:22:21.050Z,,BTC/USDT,34,26508.0,0.1849,26495.97,0.00075
6,1692832941050,2023-08-23T23:22:21.050Z,,BTC/USDT,35,26508.17,0.18895,26495.8,0.568833
6,1692832941050,2023-08-23T23:22:21.050Z,,BTC/USDT,36,26508.41,0.284595,26495.79,0.94805
6,1692832941050,2023-08-23T23:22:21.050Z,,BTC/USDT,37,26508.42,0.474314,26495.67,0.015033
6,1692832941050,2023-08-23T23:22:21.050Z,,BTC/USDT,38,26508.43,0.18895,26495.66,0.754268
6,1692832941050,2023-08-23T23:22:21.050Z,,BTC/USDT,39,26508.44,0.056038,26495.59,0.017238
6,1692832941050,2023-08-23T23:22:21.050Z,,BTC/USDT,40,26508.82,0.18895,26494.51,0.001132
6,1692832941050,2023-08-23T23:22:21.050Z,,BTC/USDT,41,26509.1,0.001132,26494.22,0.07542
6,1692832941050,2023-08-23T23:22:21.050Z,,BTC/USDT,42,26509.52,0.18895,26493.97,0.00075
6,1692832941050,2023-08-23T23:22:21.050Z,,BTC/USDT,43,26509.76,0.173,26493.76,0.55034
6,1692832941050,2023-08-23T23:22:21.050Z,,BTC/USDT,44,26509.96,0.161203,26493.56,0.880564
6,1692832941050,2023-08-23T23:22:21.050Z,,BTC/USDT,45,26509.97,0.00075,26493.05,0.387
6,1692832941050,2023-08-23T23:22:21.050Z,,BTC/USDT,46,26510.0,0.1849,26493.03,0.474314
6,1692832941050,2023-08-23T23:22:21.050Z,,BTC/USDT,47,26510.29,0.18895,26493.01,0.039394
6,1692832941050,2023-08-23T23:22:21.050Z,,BTC/USDT,48,26510.36,0.019705,26492.78,0.080135
6,1692832941050,2023-08-23T23:22:21.050Z,,BTC/USDT,49,26511.04,0.18895,26492.25,0.679197
6,1692832941050,2023-08-23T23:22:21.050Z,,BTC/USDT,50,26511.7,0.104145,26492.24,1.131987
7,1692832941251,2023-08-23T23:22:21.251Z,,BTC/USDT,1,26502.01,1.097934,26502.0,3.724122
7,1692832941251,2023-08-23T23:22:21.251Z,,BTC/USDT,2,26502.59,0.616622,26501.97,0.00075
7,1692832941251,2023-08-23T23:22:21.251Z,,BTC/USDT,3,26503.0,0.05,26501.3,0.05
7,1692832941251,2023-08-23T23:22:21.251Z,,BTC/USDT,4,26503.03,0.015093,26500.46,0.227082
7,1692832941251,2023-08-23T23:22:21.251Z,,BTC/USDT,5,26503.98,0.001132,26500.45,0.378466
7,1692832941251,2023-08-23T23:22:21.251Z,,BTC/USDT,6,26503.99,0.110941,26500.44,0.001
7,1692832941251,2023-08-23T23:22:21.251Z,,BTC/USDT,7,26504.0,0.1849,26500.0,0.002
7,1692832941251,2023-08-23T23:22:21.251Z,,BTC/USDT,8,26504.01,0.029583,26499.97,0.00075
7,1692832941251,2023-08-23T23:22:21.251Z,,BTC/USDT,9,26504.05,0.12,26499.16,0.016422
7,1692832941251,2023-08-23T23:22:21.251Z,,BTC/USDT,10,26504.2,0.03,26498.94,0.65
7,1692832941251,2023-08-23T23:22:21.251Z,,BTC/USDT,11,26505.2,0.754268,26498.93,0.153565
7,1692832941251,2023-08-23T23:22:21.251Z,,BTC/USDT,12,26505.26,0.568839,26498.79,0.629958
7,1692832941251,2023-08-23T23:22:21.251Z,,BTC/USDT,13,26505.27,0.156983,26498.69,0.036
7,1692832941251,2023-08-23T23:22:21.251Z,,BTC/USDT,14,26505.28,0.000141,26498.62,0.18895
7,1692832941251,2023-08-23T23:22:21.251Z,,BTC/USDT,15,26505.38,0.05,26498.4,0.8716
7,1692832941251,2023-08-23T23:22:21.251Z,,BTC/USDT,16,26505.58,0.94805,26498.37,0.011246
7,1692832941251,2023-08-23T23:22:21.251Z,,BTC/USDT,17,26505.62,0.0153,26498.36,0.18895
7,1692832941251,2023-08-23T23:22:21.251Z,,BTC/USDT,18,26505.65,0.01,26498.1,0.18895
7,1692832941251,2023-08-23T23:22:21.251Z,,BTC/USDT,19,26505.73,0.12,26497.98,0.157151
7,1692832941251,2023-08-23T23:22:21.251Z,,BTC/USDT,20,26505.97,0.00075,26497.97,0.00075
7,1692832941251,2023-08-23T23:22:21.251Z,,BTC/USDT,21,26506.0,0.1849,26497.84,0.18895
7,1692832941251,2023-08-23T23:22:21.251Z,,BTC/USDT,22,26506.48,0.011327,26497.64,0.018054
7,1692832941251,2023-08-23T23:22:21.251Z,,BTC/USDT,23,26506.56,0.550571,26497.58,0.18895
7,1692832941251,2023-08-23T23:22:21.251Z,,BTC/USDT,24,26506.57,0.91761,26497.32,0.18895
7,1692832941251,2023-08-23T23:22:21.251Z,,BTC/USDT,25,26506.77,0.849008,26497.22,0.001132
7,1692832941251,2023-08-23T23:22:21.251Z,,BTC/USDT,26,26506.95,0.05,26497.21,0.176
7,1692832941251,2023-08-23T23:22:21.251Z,,BTC/USDT,27,26507.17,0.030381,26497.1,0.055698
7,1692832941251,2023-08-23T23:22:21.251Z,,BTC/USDT,28,26507.39,0.18895,26497.06,0.18895
7,1692832941251,2023-08-23T23:22:21.251Z,,BTC/USDT,29,26507.57,0.524298,26496.8,0.18895
7,1692832941251,2023-08-23T23:22:21.251Z,,BTC/USDT,30,26507.58,0.87382,26496.79,0.55057
7,1692832941251,2023-08-23T23:22:21.251Z,,BTC/USDT,31,26507.65,0.18895,26496.78,0.91761
7,1692832941251,2023-08-23T23:22:21.251Z,,BTC/USDT,32,26507.91,0.18895,26496.66,0.196809
7,1692832941251,2023-08-23T23:22:21.251Z,,BTC/USDT,33,26507.94,0.075646,26496.43,0.10245
7,1692832941251,2023-08-23T23:22:21.251Z,,BTC/USDT,34,26507.97,0.00112,26495.97,0.00075
7,1692832941251,2023-08-23T23:22:21.251Z,,BTC/USDT,35,26508.0,0.1849,26495.8,0.568833
7,1692832941251,2023-08-23T23:22:21.251Z,,BTC/USDT,36,26508.17,0.18895,26495.79,0.94805
7,1692832941251,2023-08-23T23:22:21.251Z,,BTC/USDT,37,26508.41,0.284595,26495.67,0.015033
7,1692832941251,2023-08-23T23:22:21.251Z,,BTC/USDT,38,26508.42,0.474314,26495.66,0.754268
7,1692832941251,2023-08-23T23:22:21.251Z,,BTC/USDT,39,26508.43,0.18895,26495.59,0.017238
7,1692832941251,2023-08-23T23:22:21.251Z,,BTC/USDT,40,26508.44,0.056038,26494.51,0.001132
7,1692832941251,2023-08-23T23:22:21.251Z,,BTC/USDT,41,26508.82,0.18895,26494.22,0.07542
7,1692832941251,2023-08-23T23:22:21.251Z,,BTC/USDT,42,26509.1,0.001132,26493.97,0.00075
7,1692832941251,2023-08-23T23:22:21.251Z,,BTC/USDT,43,26509.52,0.18895,26493.76,0.55034
7,1692832941251,2023-08-23T23:22:21.251Z,,BTC/USDT,44,26509.76,0.173,26493.56,0.880564
7,1692832941251,2023-08-23T23:22:21.251Z,,BTC/USDT,45,26509.96,0.161203,26493.05,0.387
7,1692832941251,2023-08-23T23:22:21.251Z,,BTC/USDT,46,26509.97,0.00075,26493.03,0.474314
7,1692832941251,2023-08-23T23:22:21.251Z,,BTC/USDT,47,26510.0,0.1849,26493.01,0.039394
7,1692832941251,2023-08-23T23:22:21.251Z,,BTC/USDT,48,26510.29,0.18895,26492.78,0.080135
7,1692832941251,2023-08-23T23:22:21.251Z,,BTC/USDT,49,26510.36,0.019705,26492.25,0.679197
7,1692832941251,2023-08-23T23:22:21.251Z,,BTC/USDT,50,26511.04,0.18895,26492.24,1.131987
8,1692832941351,2023-08-23T23:22:21.351Z,,BTC/USDT,1,26502.01,1.097934,26502.0,3.724122
8,1692832941351,2023-08-23T23:22:21.351Z,,BTC/USDT,2,26502.59,0.616622,26501.97,0.00075
8,1692832941351,2023-08-23T23:22:21.351Z,,BTC/USDT,3,26503.0,0.05,26501.3,0.05
8,1692832941351,2023-08-23T23:22:21.351Z,,BTC/USDT,4,26503.03,0.015093,26500.46,0.227082
8,1692832941351,2023-08-23T23:22:21.351Z,,BTC/USDT,5,26503.98,0.001132,26500.45,0.378466
8,1692832941351,2023-08-23T23:22:21.351Z,,BTC/USDT,6,26503.99,0.110941,26500.44,0.001
8,1692832941351,2023-08-23T23:22:21.351Z,,BTC/USDT,7,26504.0,0.1849,26500.0,0.002
8,1692832941351,2023-08-23T23:22:21.351Z,,BTC/USDT,8,26504.01,0.029583,26499.97,0.00075
8,1692832941351,2023-08-23T23:22:21.351Z,,BTC/USDT,9,26504.05,0.12,26499.16,0.016422
8,1692832941351,2023-08-23T23:22:21.351Z,,BTC/USDT,10,26504.2,0.03,26498.94,0.65
8,1692832941351,2023-08-23T23:22:21.351Z,,BTC/USDT,11,26505.2,0.754268,26498.93,0.153565
8,1692832941351,2023-08-23T23:22:21.351Z,,BTC/USDT,12,26505.26,0.568839,26498.79,0.629958
8,1692832941351,2023-08-23T23:22:21.351Z,,BTC/USDT,13,26505.27,0.156983,26498.69,0.036
8,1692832941351,2023-08-23T23:22:21.351Z,,BTC/USDT,14,26505.28,0.000141,26498.62,0.18895
8,1692832941351,2023-08-23T23:22:21.351Z,,BTC/USDT,15,26505.38,0.05,26498.4,0.8716
8,1692832941351,2023-08-23T23:22:21.351Z,,BTC/USDT,16,26505.58,0.94805,26498.37,0.011246
8,1692832941351,2023-08-23T23:22:21.351Z,,BTC/USDT,17,26505.62,0.0153,26498.36,0.18895
8,1692832941351,2023-08-23T23:22:21.351Z,,BTC/USDT,18,26505.65,0.01,26498.1,0.18895
8,1692832941351,2023-08-23T23:22:21.351Z,,BTC/USDT,19,26505.73,0.12,26497.98,0.157151
8,1692832941351,2023-08-23T23:22:21.351Z,,BTC/USDT,20,26505.97,0.00075,26497.97,0.00075
8,1692832941351,2023-08-23T23:22:21.351Z,,BTC/USDT,21,26506.0,0.1849,26497.84,0.18895
8,1692832941351,2023-08-23T23:22:21.351Z,,BTC/USDT,22,26506.48,0.011327,26497.64,0.018054
8,1692832941351,2023-08-23T23:22:21.351Z,,BTC/USDT,23,26506.56,0.550571,26497.58,0.18895
8,1692832941351,2023-08-23T23:22:21.351Z,,BTC/USDT,24,26506.57,0.91761,26497.32,0.18895
8,1692832941351,2023-08-23T23:22:21.351Z,,BTC/USDT,25,26506.77,0.849008,26497.22,0.001132
8,1692832941351,2023-08-23T23:22:21.351Z,,BTC/USDT,26,26506.95,0.05,26497.21,0.176
8,1692832941351,2023-08-23T23:22:21.351Z,,BTC/USDT,27,26507.17,0.030381,26497.1,0.055698
8,1692832941351,2023-08-23T23:22:21.351Z,,BTC/USDT,28,26507.39,0.18895,26497.06,0.18895
8,1692832941351,2023-08-23T23:22:21.351Z,,BTC/USDT,29,26507.57,0.524298,26496.8,0.18895
8,1692832941351,2023-08-23T23:22:21.351Z,,BTC/USDT,30,26507.58,0.87382,26496.79,0.55057
8,1692832941351,2023-08-23T23:22:21.351Z,,BTC/USDT,31,26507.65,0.18895,26496.78,0.91761
8,1692832941351,2023-08-23T23:22:21.351Z,,BTC/USDT,32,26507.91,0.18895,26496.66,0.196809
8,1692832941351,2023-08-23T23:22:21.351Z,,BTC/USDT,33,26507.94,0.075646,26496.43,0.10245
8,1692832941351,2023-08-23T23:22:21.351Z,,BTC/USDT,34,26507.97,0.00112,26495.97,0.00075
8,1692832941351,2023-08-23T23:22:21.351Z,,BTC/USDT,35,26508.0,0.1849,26495.8,0.568833
8,1692832941351,2023-08-23T23:22:21.351Z,,BTC/USDT,36,26508.17,0.18895,26495.79,0.94805
8,1692832941351,2023-08-23T23:22:21.351Z,,BTC/USDT,37,26508.41,0.284595,26495.67,0.015033
8,1692832941351,2023-08-23T23:22:21.351Z,,BTC/USDT,38,26508.42,0.474314,26495.66,0.754268
8,1692832941351,2023-08-23T23:22:21.351Z,,BTC/USDT,39,26508.43,0.18895,26495.59,0.017238
8,1692832941351,2023-08-23T23:22:21.351Z,,BTC/USDT,40,26508.44,0.056038,26494.51,0.001132
8,1692832941351,2023-08-23T23:22:21.351Z,,BTC/USDT,41,26508.82,0.18895,26494.22,0.07542
8,1692832941351,2023-08-23T23:22:21.351Z,,BTC/USDT,42,26509.1,0.001132,26493.97,0.00075
8,1692832941351,2023-08-23T23:22:21.351Z,,BTC/USDT,43,26509.52,0.18895,26493.76,0.55034
8,1692832941351,2023-08-23T23:22:21.351Z,,BTC/USDT,44,26509.76,0.173,26493.56,0.880564
8,1692832941351,2023-08-23T23:22:21.351Z,,BTC/USDT,45,26509.96,0.161203,26493.05,0.387
8,1692832941351,2023-08-23T23:22:21.351Z,,BTC/USDT,46,26509.97,0.00075,26493.03,0.474314
8,1692832941351,2023-08-23T23:22:21.351Z,,BTC/USDT,47,26510.0,0.1849,26493.01,0.039394
8,1692832941351,2023-08-23T23:22:21.351Z,,BTC/USDT,48,26510.29,0.18895,26492.78,0.080135
8,1692832941351,2023-08-23T23:22:21.351Z,,BTC/USDT,49,26510.36,0.019705,26492.25,0.679197
8,1692832941351,2023-08-23T23:22:21.351Z,,BTC/USDT,50,26511.7,0.104145,26492.24,1.131987
9,1692832941511,2023-08-23T23:22:21.511Z,,BTC/USDT,1,26502.01,1.097934,26502.0,3.724122
9,1692832941511,2023-08-23T23:22:21.511Z,,BTC/USDT,2,26502.59,0.616622,26501.97,0.00075
9,1692832941511,2023-08-23T23:22:21.511Z,,BTC/USDT,3,26503.0,0.05,26501.3,0.05
9,1692832941511,2023-08-23T23:22:21.511Z,,BTC/USDT,4,26503.98,0.001132,26500.46,0.227082
9,1692832941511,2023-08-23T23:22:21.511Z,,BTC/USDT,5,26503.99,0.110941,26500.45,0.378466
9,1692832941511,2023-08-23T23:22:21.511Z,,BTC/USDT,6,26504.0,0.1849,26500.44,0.001
9,1692832941511,2023-08-23T23:22:21.511Z,,BTC/USDT,7,26504.01,0.029583,26500.0,0.002
9,1692832941511,2023-08-23T23:22:21.511Z,,BTC/USDT,8,26504.02,0.424547,26499.97,0.00075
9,1692832941511,2023-08-23T23:22:21.511Z,,BTC/USDT,9,26504.05,0.12,26499.16,0.016422
9,1692832941511,2023-08-23T23:22:21.511Z,,BTC/USDT,10,26504.2,0.03,26498.94,0.65
9,1692832941511,2023-08-23T23:22:21.511Z,,BTC/USDT,11,26505.2,0.754268,26498.93,0.153565
9,1692832941511,2023-08-23T23:22:21.511Z,,BTC/USDT,12,26505.26,0.568839,26498.79,0.629958
9,1692832941511,2023-08-23T23:22:21.511Z,,BTC/USDT,13,26505.27,0.156983,26498.69,0.036
9,1692832941511,2023-08-23T23:22:21.511Z,,BTC/USDT,14,26505.28,0.000141,26498.62,0.18895
9,1692832941511,2023-08-23T23:22:21.511Z,,BTC/USDT,15,26505.38,0.05,26498.4,0.8716
9,1692832941511,2023-08-23T23:22:21.511Z,,BTC/USDT,16,26505.49,0.566032,26498.37,0.011246
9,1692832941511,2023-08-23T23:22:21.511Z,,BTC/USDT,17,26505.58,0.94805,26498.36,0.18895
9,1692832941511,2023-08-23T23:22:21.511Z,,BTC/USDT,18,26505.62,0.0153,26498.1,0.18895
9,1692832941511,2023-08-23T23:22:21.511Z,,BTC/USDT,19,26505.65,0.01,26497.98,0.157151
9,1692832941511,2023-08-23T23:22:21.511Z,,BTC/USDT,20,26505.73,0.12,26497.97,0.00075
9,1692832941511,2023-08-23T23:22:21.511Z,,BTC/USDT,21,26505.97,0.00075,26497.84,0.18895
9,1692832941511,2023-08-23T23:22:21.511Z,,BTC/USDT,22,26506.0,0.1849,26497.64,0.018054
9,1692832941511,2023-08-23T23:22:21.511Z,,BTC/USDT,23,26506.48,0.011327,26497.58,0.18895
9,1692832941511,2023-08-23T23:22:21.511Z,,BTC/USDT,24,26506.56,0.550571,26497.32,0.18895
9,1692832941511,2023-08-23T23:22:21.511Z,,BTC/USDT,25,26506.57,0.91761,26497.22,0.001132
9,1692832941511,2023-08-23T23:22:21.511Z,,BTC/USDT,26,26506.77,0.849008,26497.21,0.176
9,1692832941511,2023-08-23T23:22:21.511Z,,BTC/USDT,27,26506.95,0.05,26497.1,0.055698
9,1692832941511,2023-08-23T23:22:21.511Z,,BTC/USDT,28,26507.17,0.030381,26497.06,0.18895
9,1692832941511,2023-08-23T23:22:21.511Z,,BTC/USDT,29,26507.39,0.18895,26496.8,0.18895
9,1692832941511,2023-08-23T23:22:21.511Z,,BTC/USDT,30,26507.57,0.524298,26496.79,0.55057
9,1692832941511,2023-08-23T23:22:21.511Z,,BTC/USDT,31,26507.58,0.87382,26496.78,0.91761
9,1692832941511,2023-08-23T23:22:21.511Z,,BTC/USDT,32,26507.65,0.18895,26496.66,0.196809
9,1692832941511,2023-08-23T23:22:21.511Z,,BTC/USDT,33,26507.91,0.18895,26496.43,0.10245
9,1692832941511,2023-08-23T23:22:21.511Z,,BTC/USDT,34,26507.94,0.075646,26495.97,0.00075
9,1692832941511,2023-08-23T23:22:21.511Z,,BTC/USDT,35,26507.97,0.00112,26495.8,0.568833
9,1692832941511,2023-08-23T23:22:21.511Z,,BTC/USDT,36,26508.0,0.1849,26495.79,0.94805
9,1692832941511,2023-08-23T23:22:21.511Z,,BTC/USDT,37,26508.17,0.18895,26495.67,0.015033
9,1692832941511,2023-08-23T23:22:21.511Z,,BTC/USDT,38,26508.41,0.284595,26495.66,0.754268
9,1692832941511,2023-08-23T23:22:21.511Z,,BTC/USDT,39,26508.42,0.474314,26495.59,0.017238
9,1692832941511,2023-08-23T23:22:21.511Z,,BTC/USDT,40,26508.43,0.18895,26494.51,0.001132
9,1692832941511,2023-08-23T23:22:21.511Z,,BTC/USDT,41,26508.44,0.056038,26494.22,0.07542
9,1692832941511,2023-08-23T23:22:21.511Z,,BTC/USDT,42,26508.82,0.18895,26493.97,0.00075
9,1692832941511,2023-08-23T23:22:21.511Z,,BTC/USDT,43,26509.1,0.001132,26493.76,0.55034
9,1692832941511,2023-08-23T23:22:21.511Z,,BTC/USDT,44,26509.52,0.18895,26493.56,0.880564
9,1692832941511,2023-08-23T23:22:21.511Z,,BTC/USDT,45,26509.76,0.173,26493.05,0.387
9,1692832941511,2023-08-23T23:22:21.511Z,,BTC/USDT,46,26509.96,0.161203,26493.03,0.474314
9,1692832941511,2023-08-23T23:22:21.511Z,,BTC/USDT,47,26509.97,0.00075,26493.01,0.039394
9,1692832941511,2023-08-23T23:22:21.511Z,,BTC/USDT,48,26510.0,0.1849,26492.78,0.080135
9,1692832941511,2023-08-23T23:22:21.511Z,,BTC/USDT,49,26510.29,0.18895,26492.25,0.679197
9,1692832941511,2023-08-23T23:22:21.511Z,,BTC/USDT,50,26510.36,0.019705,26492.24,1.131987
10,1692832941530,2023-08-23T23:22:21.530Z,,BTC/USDT,1,26502.01,1.097934,26502.0,3.724122
10,1692832941530,2023-08-23T23:22:21.530Z,,BTC/USDT,2,26502.59,0.616622,26501.97,0.00075
10,1692832941530,2023-08-23T23:22:21.530Z,,BTC/USDT,3,26503.0,0.05,26501.3,0.05
10,1692832941530,2023-08-23T23:22:21.530Z,,BTC/USDT,4,26503.98,0.001132,26500.46,0.227082
10,1692832941530,2023-08-23T23:22:21.530Z,,BTC/USDT,5,26503.99,0.240867,26500.45,0.378466
10,1692832941530,2023-08-23T23:22:21.530Z,,BTC/USDT,6,26504.0,0.1849,26500.44,0.001
10,1692832941530,2023-08-23T23:22:21.530Z,,BTC/USDT,7,26504.01,0.029583,26500.0,0.002
10,1692832941530,2023-08-23T23:22:21.530Z,,BTC/USDT,8,26504.02,0.424547,26499.97,0.00075
10,1692832941530,2023-08-23T23:22:21.530Z,,BTC/USDT,9,26504.05,0.12,26499.16,0.016422
10,1692832941530,2023-08-23T23:22:21.530Z,,BTC/USDT,10,26504.2,0.03,26498.94,0.65
10,1692832941530,2023-08-23T23:22:21.530Z,,BTC/USDT,11,26505.2,0.754268,26498.93,0.153565
10,1692832941530,2023-08-23T23:22:21.530Z,,BTC/USDT,12,26505.26,0.568839,26498.79,0.629958
10,1692832941530,2023-08-23T23:22:21.530Z,,BTC/USDT,13,26505.27,0.156983,26498.69,0.036
10,1692832941530,2023-08-23T23:22:21.530Z,,BTC/USDT,14,26505.28,0.000141,26498.62,0.18895
10,1692832941530,2023-08-23T23:22:21.530Z,,BTC/USDT,15,26505.38,0.05,26498.4,0.8716
10,1692832941530,2023-08-23T23:22:21.530Z,,BTC/USDT,16,26505.49,0.566032,26498.37,0.011246
10,1692832941530,2023-08-23T23:22:21.530Z,,BTC/USDT,17,26505.58,0.94805,26498.36,0.18895
10,1692832941530,2023-08-23T23:22:21.530Z,,BTC/USDT,18,26505.62,0.0153,26498.1,0.18895
10,1692832941530,2023-08-23T23:22:21.530Z,,BTC/USDT,19,26505.65,0.01,26497.98,0.157151
10,1692832941530,2023-08-23T23:22:21.530Z,,BTC/USDT,20,26505.73,0.12,26497.97,0.00075
10,1692832941530,2023-08-23T23:22:21.530Z,,BTC/USDT,21,26505.97,0.00075,26497.84,0.18895
10,1692832941530,2023-08-23T23:22:21.530Z,,BTC/USDT,22,26506.0,0.1849,26497.64,0.018054
10,1692832941530,2023-08-23T23:22:21.530Z,,BTC/USDT,23,26506.48,0.011327,26497.58,0.18895
10,1692832941530,2023-08-23T23:22:21.530Z,,BTC/USDT,24,26506.56,0.550571,26497.32,0.18895
10,1692832941530,2023-08-23T23:22:21.530Z,,BTC/USDT,25,26506.57,0.91761,26497.22,0.001132
10,1692832941530,2023-08-23T23:22:21.530Z,,BTC/USDT,26,26506.77,0.849008,26497.21,0.176
10,1692832941530,2023-08-23T23:22:21.530Z,,BTC/USDT,27,26506.95,0.05,26497.1,0.055698
10,1692832941530,2023-08-23T23:22:21.530Z,,BTC/USDT,28,26507.17,0.030381,26497.06,0.18895
10,1692832941530,2023-08-23T23:22:21.530Z,,BTC/USDT,29,26507.39,0.18895,26496.8,0.18895
10,1692832941530,2023-08-23T23:22:21.530Z,,BTC/USDT,30,26507.57,0.524298,26496.79,0.55057
10,1692832941530,2023-08-23T23:22:21.530Z,,BTC/USDT,31,26507.58,0.87382,26496.78,0.91761
10,1692832941530,2023-08-23T23:22:21.530Z,,BTC/USDT,32,26507.65,0.18895,26496.66,0.196809
10,1692832941530,2023-08-23T23:22:21.530Z,,BTC/USDT,33,26507.91,0.18895,26496.43,0.10245
10,1692832941530,2023-08-23T23:22:21.530Z,,BTC/USDT,34,26507.94,0.075646,26495.97,0.00075
10,1692832941530,2023-08-23T23:22:21.530Z,,BTC/USDT,35,26507.97,0.00112,26495.8,0.568833
10,1692832941530,2023-08-23T23:22:21.530Z,,BTC/USDT,36,26508.0,0.1849,26495.79,0.94805
10,1692832941530,2023-08-23T23:22:21.530Z,,BTC/USDT,37,26508.17,0.18895,26495.67,0.015033
10,1692832941530,2023-08-23T23:22:21.530Z,,BTC/USDT,38,26508.41,0.284595,26495.66,0.754268
10,1692832941530,2023-08-23T23:22:21.530Z,,BTC/USDT,39,26508.42,0.474314,26495.59,0.017238
10,1692832941530,2023-08-23T23:22:21.530Z,,BTC/USDT,40,26508.43,0.18895,26494.51,0.001132
10,1692832941530,2023-08-23T23:22:21.530Z,,BTC/USDT,41,26508.44,0.056038,26494.22,0.07542
10,1692832941530,2023-08-23T23:22:21.530Z,,BTC/USDT,42,26508.82,0.18895,26493.97,0.00075
10,1692832941530,2023-08-23T23:22:21.530Z,,BTC/USDT,43,26509.1,0.001132,26493.76,0.55034
10,1692832941530,2023-08-23T23:22:21.530Z,,BTC/USDT,44,26509.52,0.18895,26493.56,0.880564
10,1692832941530,2023-08-23T23:22:21.530Z,,BTC/USDT,45,26509.76,0.173,26493.05,0.387
10,1692832941530,2023-08-23T23:22:21.530Z,,BTC/USDT,46,26509.96,0.161203,26493.03,0.474314
10,1692832941530,2023-08-23T23:22:21.530Z,,BTC/USDT,47,26509.97,0.00075,26493.01,0.039394
10,1692832941530,2023-08-23T23:22:21.530Z,,BTC/USDT,48,26510.0,0.1849,26492.78,0.080135
10,1692832941530,2023-08-23T23:22:21.530Z,,BTC/USDT,49,26510.29,0.18895,26492.25,0.679197
10,1692832941530,2023-08-23T23:22:21.530Z,,BTC/USDT,50,26510.36,0.019705,26492.24,1.131987
11,1692832941550,2023-08-23T23:22:21.550Z,,BTC/USDT,1,26502.01,1.097934,26502.0,3.724122
11,1692832941550,2023-08-23T23:22:21.550Z,,BTC/USDT,2,26502.59,0.616622,26501.97,0.00075
11,1692832941550,2023-08-23T23:22:21.550Z,,BTC/USDT,3,26503.0,0.05,26501.3,0.05
11,1692832941550,2023-08-23T23:22:21.550Z,,BTC/USDT,4,26503.98,0.001132,26500.46,0.227082
11,1692832941550,2023-08-23T23:22:21.550Z,,BTC/USDT,5,26503.99,0.240867,26500.45,0.378466
11,1692832941550,2023-08-23T23:22:21.550Z,,BTC/USDT,6,26504.0,0.1849,26500.44,0.001
11,1692832941550,2023-08-23T23:22:21.550Z,,BTC/USDT,7,26504.01,0.029583,26500.0,0.002
11,1692832941550,2023-08-23T23:22:21.550Z,,BTC/USDT,8,26504.02,0.424547,26499.97,0.00075
11,1692832941550,2023-08-23T23:22:21.550Z,,BTC/USDT,9,26504.05,0.12,26499.16,0.016422
11,1692832941550,2023-08-23T23:22:21.550Z,,BTC/USDT,10,26504.2,0.03,26498.94,0.65
11,1692832941550,2023-08-23T23:22:21.550Z,,BTC/USDT,11,26505.2,0.754268,26498.93,0.153565
11,1692832941550,2023-08-23T23:22:21.550Z,,BTC/USDT,12,26505.26,0.568839,26498.79,0.629958
11,1692832941550,2023-08-23T23:22:21.550Z,,BTC/USDT,13,26505.27,0.156983,26498.69,0.036
11,1692832941550,2023-08-23T23:22:21.550Z,,BTC/USDT,14,26505.28,0.000141,26498.62,0.18895
11,1692832941550,2023-08-23T23:22:21.550Z,,BTC/USDT,15,26505.38,0.05,26498.4,0.8716
11,1692832941550,2023-08-23T23:22:21.550Z,,BTC/USDT,16,26505.49,0.566032,26498.37,0.011246
11,1692832941550,2023-08-23T23:22:21.550Z,,BTC/USDT,17,26505.58,0.94805,26498.36,0.18895
11,1692832941550,2023-08-23T23:22:21.550Z,,BTC/USDT,18,26505.62,0.0153,26498.1,0.18895
11,1692832941550,2023-08-23T23:22:21.550Z,,BTC/USDT,19,26505.65,0.01,26497.98,0.157151
11,1692832941550,2023-08-23T23:22:21.550Z,,BTC/USDT,20,26505.73,0.12,26497.97,0.00075
11,1692832941550,2023-08-23T23:22:21.550Z,,BTC/USDT,21,26505.97,0.00075,26497.84,0.18895
11,1692832941550,2023-08-23T23:22:21.550Z,,BTC/USDT,22,26506.0,0.1849,26497.64,0.018054
11,1692832941550,2023-08-23T23:22:21.550Z,,BTC/USDT,23,26506.48,0.011327,26497.58,0.18895
11,1692832941550,2023-08-23T23:22:21.550Z,,BTC/USDT,24,26506.56,0.550571,26497.32,0.18895
11,1692832941550,2023-08-23T23:22:21.550Z,,BTC/USDT,25,26506.57,0.91761,26497.22,0.001132
11,1692832941550,2023-08-23T23:22:21.550Z,,BTC/USDT,26,26506.77,0.849008,26497.21,0.176
11,1692832941550,2023-08-23T23:22:21.550Z,,BTC/USDT,27,26506.95,0.05,26497.1,0.055698
11,1692832941550,2023-08-23T23:22:21.550Z,,BTC/USDT,28,26507.13,0.18895,26497.06,0.18895
11,1692832941550,2023-08-23T23:22:21.550Z,,BTC/USDT,29,26507.17,0.030381,26496.8,0.18895
11,1692832941550,2023-08-23T23:22:21.550Z,,BTC/USDT,30,26507.39,0.18895,26496.79,0.55057
11,1692832941550,2023-08-23T23:22:21.550Z,,BTC/USDT,31,26507.57,0.524298,26496.78,0.91761
11,1692832941550,2023-08-23T23:22:21.550Z,,BTC/USDT,32,26507.58,0.87382,26496.66,0.196809
11,1692832941550,2023-08-23T23:22:21.550Z,,BTC/USDT,33,26507.65,0.18895,26496.43,0.10245
11,1692832941550,2023-08-23T23:22:21.550Z,,BTC/USDT,34,26507.91,0.18895,26495.97,0.00075
11,1692832941550,2023-08-23T23:22:21.550Z,,BTC/USDT,35,26507.94,0.075646,26495.8,0.568833
11,1692832941550,2023-08-23T23:22:21.550Z,,BTC/USDT,36,26507.97,0.00112,26495.79,0.94805
11,1692832941550,2023-08-23T23:22:21.550Z,,BTC/USDT,37,26508.0,0.1849,26495.67,0.015033
11,1692832941550,2023-08-23T23:22:21.550Z,,BTC/USDT,38,26508.17,0.18895,26495.66,0.754268
11,1692832941550,2023-08-23T23:22:21.550Z,,BTC/USDT,39,26508.41,0.284595,26495.59,0.017238
11,1692832941550,2023-08-23T23:22:21.550Z,,BTC/USDT,40,26508.42,0.474314,26494.51,0.001132
11,1692832941550,2023-08-23T23:22:21.550Z,,BTC/USDT,41,26508.43,0.18895,26494.22,0.07542
11,1692832941550,2023-08-23T23:22:21.550Z,,BTC/USDT,42,26508.44,0.056038,26493.97,0.00075
11,1692832941550,2023-08-23T23:22:21.550Z,,BTC/USDT,43,26508.82,0.18895,26493.76,0.55034
11,1692832941550,2023-08-23T23:22:21.550Z,,BTC/USDT,44,26509.1,0.001132,26493.56,0.880564
11,1692832941550,2023-08-23T23:22:21.550Z,,BTC/USDT,45,26509.52,0.18895,26493.05,0.387
11,1692832941550,2023-08-23T23:22:21.550Z,,BTC/USDT,46,26509.76,0.173,26493.03,0.474314
11,1692832941550,2023-08-23T23:22:21.550Z,,BTC/USDT,47,26509.96,0.161203,26493.01,0.039394
11,1692832941550,2023-08-23T23:22:21.550Z,,BTC/USDT,48,26509.97,0.00075,26492.78,0.080135
11,1692832941550,2023-08-23T23:22:21.550Z,,BTC/USDT,49,26510.0,0.1849,26492.25,0.679197
11,1692832941550,2023-08-23T23:22:21.550Z,,BTC/USDT,50,26510.29,0.18895,26492.24,1.131987
12,1692832941651,2023-08-23T23:22:21.651Z,,BTC/USDT,1,26502.01,1.097934,26502.0,3.724122
12,1692832941651,2023-08-23T23:22:21.651Z,,BTC/USDT,2,26502.59,0.616622,26501.97,0.00075
12,1692832941651,2023-08-23T23:22:21.651Z,,BTC/USDT,3,26503.0,0.05,26501.3,0.05
12,1692832941651,2023-08-23T23:22:21.651Z,,BTC/USDT,4,26503.98,0.001132,26500.46,0.227082
12,1692832941651,2023-08-23T23:22:21.651Z,,BTC/USDT,5,26503.99,0.240867,26500.45,0.378466
12,1692832941651,2023-08-23T23:22:21.651Z,,BTC/USDT,6,26504.0,0.1849,26500.44,0.001
12,1692832941651,2023-08-23T23:22:21.651Z,,BTC/USDT,7,26504.01,0.029583,26500.0,0.002
12,1692832941651,2023-08-23T23:22:21.651Z,,BTC/USDT,8,26504.02,0.424547,26499.97,0.00075
12,1692832941651,2023-08-23T23:22:21.651Z,,BTC/USDT,9,26504.05,0.12,26499.16,0.016422
12,1692832941651,2023-08-23T23:22:21.651Z,,BTC/USDT,10,26504.2,0.03,26498.94,0.65
12,1692832941651,2023-08-23T23:22:21.651Z,,BTC/USDT,11,26505.2,0.754268,26498.93,0.153565
12,1692832941651,2023-08-23T23:22:21.651Z,,BTC/USDT,12,26505.26,0.568839,26498.79,0.629958
12,1692832941651,2023-08-23T23:22:21.651Z,,BTC/USDT,13,26505.27,0.156983,26498.69,0.036
12,1692832941651,2023-08-23T23:22:21.651Z,,BTC/USDT,14,26505.28,0.000141,26498.62,0.18895
12,1692832941651,2023-08-23T23:22:21.651Z,,BTC/USDT,15,26505.38,0.05,26498.4,0.8716
12,1692832941651,2023-08-23T23:22:21.651Z,,BTC/USDT,16,26505.49,0.566032,26498.37,0.011246
12,1692832941651,2023-08-23T23:22:21.651Z,,BTC/USDT,17,26505.58,0.94805,26498.36,0.18895
12,1692832941651,2023-08-23T23:22:21.651Z,,BTC/USDT,18,26505.62,0.0153,26498.1,0.18895
12,1692832941651,2023-08-23T23:22:21.651Z,,BTC/USDT,19,26505.65,0.01,26497.98,0.157151
12,1692832941651,2023-08-23T23:22:21.651Z,,BTC/USDT,20,26505.73,0.12,26497.97,0.00075
12,1692832941651,2023-08-23T23:22:21.651Z,,BTC/USDT,21,26505.97,0.00075,26497.84,0.18895
12,1692832941651,2023-08-23T23:22:21.651Z,,BTC/USDT,22,26506.0,0.1849,26497.64,0.018054
12,1692832941651,2023-08-23T23:22:21.651Z,,BTC/USDT,23,26506.48,0.011327,26497.58,0.18895
12,1692832941651,2023-08-23T23:22:21.651Z,,BTC/USDT,24,26506.56,0.550571,26497.32,0.18895
12,1692832941651,2023-08-23T23:22:21.651Z,,BTC/USDT,25,26506.57,0.91761,26497.22,0.001132
12,1692832941651,2023-08-23T23:22:21.651Z,,BTC/USDT,26,26506.77,0.849008,26497.21,0.176
12,1692832941651,2023-08-23T23:22:21.651Z,,BTC/USDT,27,26506.95,0.05,26497.1,0.055698
12,1692832941651,2023-08-23T23:22:21.651Z,,BTC/USDT,28,26507.13,0.18895,26497.06,0.18895
12,1692832941651,2023-08-23T23:22:21.651Z,,BTC/USDT,29,26507.17,0.030381,26496.8,0.18895
12,1692832941651,2023-08-23T23:22:21.651Z,,BTC/USDT,30,26507.39,0.18895,26496.79,0.55057
12,1692832941651,2023-08-23T23:22:21.651Z,,BTC/USDT,31,26507.57,0.524298,26496.78,0.91761
12,1692832941651,2023-08-23T23:22:21.651Z,,BTC/USDT,32,26507.58,0.87382,26496.66,0.196809
12,1692832941651,2023-08-23T23:22:21.651Z,,BTC/USDT,33,26507.65,0.18895,26496.43,0.10245
12,1692832941651,2023-08-23T23:22:21.651Z,,BTC/USDT,34,26507.91,0.18895,26495.97,0.00075
12,1692832941651,2023-08-23T23:22:21.651Z,,BTC/USDT,35,26507.94,0.075646,26495.8,0.568833
12,1692832941651,2023-08-23T23:22:21.651Z,,BTC/USDT,36,26507.97,0.00112,26495.79,0.94805
12,1692832941651,2023-08-23T23:22:21.651Z,,BTC/USDT,37,26508.0,0.1849,26495.67,0.015033
12,1692832941651,2023-08-23T23:22:21.651Z,,BTC/USDT,38,26508.17,0.18895,26495.66,0.754268
12,1692832941651,2023-08-23T23:22:21.651Z,,BTC/USDT,39,26508.41,0.284595,26495.59,0.017238
12,1692832941651,2023-08-23T23:22:21.651Z,,BTC/USDT,40,26508.42,0.474314,26494.51,0.001132
12,1692832941651,2023-08-23T23:22:21.651Z,,BTC/USDT,41,26508.43,0.18895,26494.22,0.07542
12,1692832941651,2023-08-23T23:22:21.651Z,,BTC/USDT,42,26508.44,0.056038,26493.97,0.00075
12,1692832941651,2023-08-23T23:22:21.651Z,,BTC/USDT,43,26508.82,0.18895,26493.76,0.55034
12,1692832941651,2023-08-23T23:22:21.651Z,,BTC/USDT,44,26509.1,0.001132,26493.56,0.880564
12,1692832941651,2023-08-23T23:22:21.651Z,,BTC/USDT,45,26509.52,0.18895,26493.05,0.387
12,1692832941651,2023-08-23T23:22:21.651Z,,BTC/USDT,46,26509.76,0.173,26493.03,0.474314
12,1692832941651,2023-08-23T23:22:21.651Z,,BTC/USDT,47,26509.96,0.161203,26493.01,0.039394
12,1692832941651,2023-08-23T23:22:21.651Z,,BTC/USDT,48,26509.97,0.00075,26492.78,0.080135
12,1692832941651,2023-08-23T23:22:21.651Z,,BTC/USDT,49,26510.0,0.1849,26492.25,0.679197
12,1692832941651,2023-08-23T23:22:21.651Z,,BTC/USDT,50,26510.36,0.019705,26492.24,1.131987
13,1692832941750,2023-08-23T23:22:21.750Z,,BTC/USDT,1,26502.01,1.097934,26502.0,3.724122
13,1692832941750,2023-08-23T23:22:21.750Z,,BTC/USDT,2,26502.59,0.616622,26501.97,0.00075
13,1692832941750,2023-08-23T23:22:21.750Z,,BTC/USDT,3,26503.0,0.05,26501.3,0.05
13,1692832941750,2023-08-23T23:22:21.750Z,,BTC/USDT,4,26503.03,0.015093,26500.46,0.227082
13,1692832941750,2023-08-23T23:22:21.750Z,,BTC/USDT,5,26503.98,0.001132,26500.45,0.378466
13,1692832941750,2023-08-23T23:22:21.750Z,,BTC/USDT,6,26503.99,0.240867,26500.44,0.001
13,1692832941750,2023-08-23T23:22:21.750Z,,BTC/USDT,7,26504.0,0.1849,26500.0,0.002
13,1692832941750,2023-08-23T23:22:21.750Z,,BTC/USDT,8,26504.01,0.029583,26499.97,0.00075
13,1692832941750,2023-08-23T23:22:21.750Z,,BTC/USDT,9,26504.02,0.424547,26499.16,0.016422
13,1692832941750,2023-08-23T23:22:21.750Z,,BTC/USDT,10,26504.05,0.12,26498.94,0.65
13,1692832941750,2023-08-23T23:22:21.750Z,,BTC/USDT,11,26504.2,0.03,26498.93,0.153565
13,1692832941750,2023-08-23T23:22:21.750Z,,BTC/USDT,12,26505.2,0.754268,26498.79,0.629958
13,1692832941750,2023-08-23T23:22:21.750Z,,BTC/USDT,13,26505.26,0.568839,26498.69,0.036
13,1692832941750,2023-08-23T23:22:21.750Z,,BTC/USDT,14,26505.27,0.156983,26498.62,0.18895
13,1692832941750,2023-08-23T23:22:21.750Z,,BTC/USDT,15,26505.28,0.000141,26498.4,0.8716
13,1692832941750,2023-08-23T23:22:21.750Z,,BTC/USDT,16,26505.38,0.05,26498.37,0.011246
13,1692832941750,2023-08-23T23:22:21.750Z,,BTC/USDT,17,26505.49,0.566032,26498.36,0.18895
13,1692832941750,2023-08-23T23:22:21.750Z,,BTC/USDT,18,26505.58,0.94805,26498.1,0.18895
13,1692832941750,2023-08-23T23:22:21.750Z,,BTC/USDT,19,26505.62,0.0153,26497.98,0.157151
13,1692832941750,2023-08-23T23:22:21.750Z,,BTC/USDT,20,26505.65,0.01,26497.97,0.00075
13,1692832941750,2023-08-23T23:22:21.750Z,,BTC/USDT,21,26505.73,0.12,26497.84,0.18895
13,1692832941750,2023-08-23T23:22:21.750Z,,BTC/USDT,22,26505.97,0.00075,26497.64,0.018054
13,1692832941750,2023-08-23T23:22:21.750Z,,BTC/USDT,23,26506.0,0.1849,26497.58,0.18895
13,1692832941750,2023-08-23T23:22:21.750Z,,BTC/USDT,24,26506.48,0.011327,26497.32,0.18895
13,1692832941750,2023-08-23T23:22:21.750Z,,BTC/USDT,25,26506.56,0.550571,26497.22,0.001132
13,1692832941750,2023-08-23T23:22:21.750Z,,BTC/USDT,26,26506.57,0.91761,26497.21,0.176
13,1692832941750,2023-08-23T23:22:21.750Z,,BTC/USDT,27,26506.77,0.849008,26497.1,0.055698
13,1692832941750,2023-08-23T23:22:21.750Z,,BTC/USDT,28,26506.87,0.18895,26497.06,0.18895
13,1692832941750,2023-08-23T23:22:21.750Z,,BTC/USDT,29,26506.95,0.05,26496.8,0.18895
13,1692832941750,2023-08-23T23:22:21.750Z,,BTC/USDT,30,26507.13,0.18895,26496.79,0.55057
13,1692832941750,2023-08-23T23:22:21.750Z,,BTC/USDT,31,26507.17,0.030381,26496.78,0.91761
13,1692832941750,2023-08-23T23:22:21.750Z,,BTC/USDT,32,26507.39,0.18895,26496.66,0.196809
13,1692832941750,2023-08-23T23:22:21.750Z,,BTC/USDT,33,26507.57,0.524298,26496.43,0.10245
13,1692832941750,2023-08-23T23:22:21.750Z,,BTC/USDT,34,26507.58,0.87382,26495.97,0.00075
13,1692832941750,2023-08-23T23:22:21.750Z,,BTC/USDT,35,26507.65,0.18895,26495.8,0.568833
13,1692832941750,2023-08-23T23:22:21.750Z,,BTC/USDT,36,26507.91,0.18895,26495.79,0.94805
13,1692832941750,2023-08-23T23:22:21.750Z,,BTC/USDT,37,26507.94,0.075646,26495.67,0.015033
13,1692832941750,2023-08-23T23:22:21.750Z,,BTC/USDT,38,26507.97,0.00112,26495.66,0.754268
13,1692832941750,2023-08-23T23:22:21.750Z,,BTC/USDT,39,26508.0,0.1849,26495.59,0.017238
13,1692832941750,2023-08-23T23:22:21.750Z,,BTC/USDT,40,26508.17,0.18895,26494.51,0.001132
13,1692832941750,2023-08-23T23:22:21.750Z,,BTC/USDT,41,26508.41,0.284595,26494.22,0.07542
13,1692832941750,2023-08-23T23:22:21.750Z,,BTC/USDT,42,26508.42,0.474314,26493.97,0.00075
13,1692832941750,2023-08-23T23:22:21.750Z,,BTC/USDT,43,26508.43,0.18895,26493.76,0.55034
13,1692832941750,2023-08-23T23:22:21.750Z,,BTC/USDT,44,26508.44,0.056038,26493.56,0.880564
13,1692832941750,2023-08-23T23:22:21.750Z,,BTC/USDT,45,26508.82,0.18895,26493.05,0.387
13,1692832941750,2023-08-23T23:22:21.750Z,,BTC/USDT,46,26509.1,0.001132,26493.03,0.474314
13,1692832941750,2023-08-23T23:22:21.750Z,,BTC/USDT,47,26509.52,0.18895,26493.01,0.039394
13,1692832941750,2023-08-23T23:22:21.750Z,,BTC/USDT,48,26509.76,0.173,26492.78,0.080135
13,1692832941750,2023-08-23T23:22:21.750Z,,BTC/USDT,49,26509.96,0.161203,26492.25,0.679197
13,1692832941750,2023-08-23T23:22:21.750Z,,BTC/USDT,50,26509.97,0.00075,26492.24,1.131987
14,1692832941850,2023-08-23T23:22:21.850Z,,BTC/USDT,1,26502.01,1.097934,26502.0,3.724122
14,1692832941850,2023-08-23T23:22:21.850Z,,BTC/USDT,2,26502.59,0.616622,26501.97,0.00075
14,1692832941850,2023-08-23T23:22:21.850Z,,BTC/USDT,3,26503.0,0.05,26501.3,0.05
14,1692832941850,2023-08-23T23:22:21.850Z,,BTC/USDT,4,26503.03,0.015093,26500.46,0.227082
14,1692832941850,2023-08-23T23:22:21.850Z,,BTC/USDT,5,26503.98,0.001132,26500.45,0.378466
14,1692832941850,2023-08-23T23:22:21.850Z,,BTC/USDT,6,26503.99,0.240867,26500.44,0.001
14,1692832941850,2023-08-23T23:22:21.850Z,,BTC/USDT,7,26504.0,0.1849,26500.0,0.002
14,1692832941850,2023-08-23T23:22:21.850Z,,BTC/USDT,8,26504.01,0.029583,26499.97,0.00075
14,1692832941850,2023-08-23T23:22:21.850Z,,BTC/USDT,9,26504.02,0.424547,26499.16,0.016422
14,1692832941850,2023-08-23T23:22:21.850Z,,BTC/USDT,10,26504.05,0.12,26498.94,0.65
14,1692832941850,2023-08-23T23:22:21.850Z,,BTC/USDT,11,26504.2,0.03,26498.93,0.153565
14,1692832941850,2023-08-23T23:22:21.850Z,,BTC/USDT,12,26505.2,0.754268,26498.79,0.629958
14,1692832941850,2023-08-23T23:22:21.850Z,,BTC/USDT,13,26505.26,0.568839,26498.69,0.036
14,1692832941850,2023-08-23T23:22:21.850Z,,BTC/USDT,14,26505.27,0.156983,26498.62,0.18895
14,1692832941850,2023-08-23T23:22:21.850Z,,BTC/USDT,15,26505.28,0.000141,26498.4,0.8716
14,1692832941850,2023-08-23T23:22:21.850Z,,BTC/USDT,16,26505.38,0.05,26498.37,0.011246
14,1692832941850,2023-08-23T23:22:21.850Z,,BTC/USDT,17,26505.49,0.566032,26498.36,0.18895
14,1692832941850,2023-08-23T23:22:21.850Z,,BTC/USDT,18,26505.58,0.94805,26498.1,0.18895
14,1692832941850,2023-08-23T23:22:21.850Z,,BTC/USDT,19,26505.62,0.0153,26497.98,0.157151
14,1692832941850,2023-08-23T23:22:21.850Z,,BTC/USDT,20,26505.65,0.01,26497.97,0.00075
14,1692832941850,2023-08-23T23:22:21.850Z,,BTC/USDT,21,26505.73,0.12,26497.84,0.18895
14,1692832941850,2023-08-23T23:22:21.850Z,,BTC/USDT,22,26505.97,0.00075,26497.64,0.018054
14,1692832941850,2023-08-23T23:22:21.850Z,,BTC/USDT,23,26506.0,0.1849,26497.58,0.18895
14,1692832941850,2023-08-23T23:22:21.850Z,,BTC/USDT,24,26506.48,0.011327,26497.32,0.18895
14,1692832941850,2023-08-23T23:22:21.850Z,,BTC/USDT,25,26506.56,0.550571,26497.22,0.001132
14,1692832941850,2023-08-23T23:22:21.850Z,,BTC/USDT,26,26506.57,0.91761,26497.21,0.176
14,1692832941850,2023-08-23T23:22:21.850Z,,BTC/USDT,27,26506.77,0.849008,26497.1,0.055698
14,1692832941850,2023-08-23T23:22:21.850Z,,BTC/USDT,28,26506.87,0.18895,26497.06,0.18895
14,1692832941850,2023-08-23T23:22:21.850Z,,BTC/USDT,29,26506.95,0.05,26496.8,0.18895
14,1692832941850,2023-08-23T23:22:21.850Z,,BTC/USDT,30,26507.13,0.18895,26496.79,0.55057
14,1692832941850,2023-08-23T23:22:21.850Z,,BTC/USDT,31,26507.17,0.030381,26496.78,0.91761
14,1692832941850,2023-08-23T23:22:21.850Z,,BTC/USDT,32,26507.39,0.18895,26496.66,0.196809
14,1692832941850,2023-08-23T23:22:21.850Z,,BTC/USDT,33,26507.57,0.524298,26496.43,0.10245
14,1692832941850,2023-08-23T23:22:21.850Z,,BTC/USDT,34,26507.58,0.87382,26495.97,0.00075
14,1692832941850,2023-08-23T23:22:21.850Z,,BTC/USDT,35,26507.65,0.18895,26495.8,0.568833
14,1692832941850,2023-08-23T23:22:21.850Z,,BTC/USDT,36,26507.91,0.18895,26495.79,0.94805
14,1692832941850,2023-08-23T23:22:21.850Z,,BTC/USDT,37,26507.94,0.075646,26495.67,0.015033
14,1692832941850,2023-08-23T23:22:21.850Z,,BTC/USDT,38,26507.97,0.00112,26495.66,0.754268
14,1692832941850,2023-08-23T23:22:21.850Z,,BTC/USDT,39,26508.0,0.1849,26495.59,0.017238
14,1692832941850,2023-08-23T23:22:21.850Z,,BTC/USDT,40,26508.17,0.18895,26494.51,0.001132
14,1692832941850,2023-08-23T23:22:21.850Z,,BTC/USDT,41,26508.41,0.284595,26494.22,0.07542
14,1692832941850,2023-08-23T23:22:21.850Z,,BTC/USDT,42,26508.42,0.474314,26493.97,0.00075
14,1692832941850,2023-08-23T23:22:21.850Z,,BTC/USDT,43,26508.43,0.18895,26493.76,0.55034
14,1692832941850,2023-08-23T23:22:21.850Z,,BTC/USDT,44,26508.44,0.056038,26493.56,0.880564
14,1692832941850,2023-08-23T23:22:21.850Z,,BTC/USDT,45,26508.82,0.18895,26493.05,0.387
14,1692832941850,2023-08-23T23:22:21.850Z,,BTC/USDT,46,26509.1,0.001132,26493.03,0.474314
14,1692832941850,2023-08-23T23:22:21.850Z,,BTC/USDT,47,26509.76,0.173,26493.01,0.039394
14,1692832941850,2023-08-23T23:22:21.850Z,,BTC/USDT,48,26509.96,0.161203,26492.78,0.080135
14,1692832941850,2023-08-23T23:22:21.850Z,,BTC/USDT,49,26509.97,0.00075,26492.25,0.679197
14,1692832941850,2023-08-23T23:22:21.850Z,,BTC/USDT,50,26510.0,0.1849,26492.24,1.131987
15,1692832941951,2023-08-23T23:22:21.951Z,,BTC/USDT,1,26502.01,1.097934,26502.0,3.724122
15,1692832941951,2023-08-23T23:22:21.951Z,,BTC/USDT,2,26502.59,0.616622,26501.97,0.00075
15,1692832941951,2023-08-23T23:22:21.951Z,,BTC/USDT,3,26503.0,0.05,26501.3,0.05
15,1692832941951,2023-08-23T23:22:21.951Z,,BTC/USDT,4,26503.03,0.015093,26500.46,0.227082
15,1692832941951,2023-08-23T23:22:21.951Z,,BTC/USDT,5,26503.98,0.001132,26500.45,0.378466
15,1692832941951,2023-08-23T23:22:21.951Z,,BTC/USDT,6,26503.99,0.240867,26500.44,0.001
15,1692832941951,2023-08-23T23:22:21.951Z,,BTC/USDT,7,26504.0,0.1849,26500.0,0.002
15,1692832941951,2023-08-23T23:22:21.951Z,,BTC/USDT,8,26504.01,0.029583,26499.97,0.00075
15,1692832941951,2023-08-23T23:22:21.951Z,,BTC/USDT,9,26504.02,0.424547,26499.16,0.016422
15,1692832941951,2023-08-23T23:22:21.951Z,,BTC/USDT,10,26504.05,0.12,26498.94,0.65
15,1692832941951,2023-08-23T23:22:21.951Z,,BTC/USDT,11,26504.2,0.03,26498.93,0.153565
15,1692832941951,2023-08-23T23:22:21.951Z,,BTC/USDT,12,26505.2,0.754268,26498.79,0.629958
15,1692832941951,2023-08-23T23:22:21.951Z,,BTC/USDT,13,26505.26,0.568839,26498.69,0.036
15,1692832941951,2023-08-23T23:22:21.951Z,,BTC/USDT,14,26505.27,0.156983,26498.62,0.18895
15,1692832941951,2023-08-23T23:22:21.951Z,,BTC/USDT,15,26505.28,0.000141,26498.4,0.8716
15,1692832941951,2023-08-23T23:22:21.951Z,,BTC/USDT,16,26505.38,0.05,26498.37,0.011246
15,1692832941951,2023-08-23T23:22:21.951Z,,BTC/USDT,17,26505.49,0.566032,26498.36,0.18895
15,1692832941951,2023-08-23T23:22:21.951Z,,BTC/USDT,18,26505.58,0.94805,26498.1,0.18895
15,1692832941951,2023-08-23T23:22:21.951Z,,BTC/USDT,19,26505.62,0.0153,26497.98,0.157151
15,1692832941951,2023-08-23T23:22:21.951Z,,BTC/USDT,20,26505.65,0.01,26497.97,0.00075
15,1692832941951,2023-08-23T23:22:21.951Z,,BTC/USDT,21,26505.73,0.12,26497.84,0.18895
15,1692832941951,2023-08-23T23:22:21.951Z,,BTC/USDT,22,26505.97,0.00075,26497.64,0.018054
15,1692832941951,2023-08-23T23:22:21.951Z,,BTC/USDT,23,26506.0,0.1849,26497.58,0.18895
15,1692832941951,2023-08-23T23:22:21.951Z,,BTC/USDT,24,26506.48,0.011327,26497.32,0.18895
15,1692832941951,2023-08-23T23:22:21.951Z,,BTC/USDT,25,26506.56,0.550571,26497.22,0.001132
15,1692832941951,2023-08-23T23:22:21.951Z,,BTC/USDT,26,26506.57,0.91761,26497.21,0.176
15,1692832941951,2023-08-23T23:22:21.951Z,,BTC/USDT,27,26506.77,0.849008,26497.1,0.055698
15,1692832941951,2023-08-23T23:22:21.951Z,,BTC/USDT,28,26506.95,0.05,26497.06,0.18895
15,1692832941951,2023-08-23T23:22:21.951Z,,BTC/USDT,29,26507.13,0.18895,26496.8,0.18895
15,1692832941951,2023-08-23T23:22:21.951Z,,BTC/USDT,30,26507.17,0.030381,26496.79,0.55057
15,1692832941951,2023-08-23T23:22:21.951Z,,BTC/USDT,31,26507.39,0.18895,26496.78,0.91761
15,1692832941951,2023-08-23T23:22:21.951Z,,BTC/USDT,32,26507.57,0.524298,26496.66,0.196809
15,1692832941951,2023-08-23T23:22:21.951Z,,BTC/USDT,33,26507.58,0.87382,26496.43,0.10245
15,1692832941951,2023-08-23T23:22:21.951Z,,BTC/USDT,34,26507.65,0.18895,26495.97,0.00075
15,1692832941951,2023-08-23T23:22:21.951Z,,BTC/USDT,35,26507.91,0.18895,26495.8,0.568833
15,1692832941951,2023-08-23T23:22:21.951Z,,BTC/USDT,36,26507.94,0.075646,26495.79,0.94805
15,1692832941951,2023-08-23T23:22:21.951Z,,BTC/USDT,37,26507.97,0.00112,26495.67,0.015033
15,1692832941951,2023-08-23T23:22:21.951Z,,BTC/USDT,38,26508.0,0.1849,26495.66,0.754268
15,1692832941951,2023-08-23T23:22:21.951Z,,BTC/USDT,39,26508.17,0.18895,26495.59,0.017238
15,1692832941951,2023-08-23T23:22:21.951Z,,BTC/USDT,40,26508.41,0.284595,26494.51,0.001132
15,1692832941951,2023-08-23T23:22:21.951Z,,BTC/USDT,41,26508.42,0.474314,26494.22,0.07542
15,1692832941951,2023-08-23T23:22:21.951Z,,BTC/USDT,42,26508.43,0.18895,26493.97,0.00075
15,1692832941951,2023-08-23T23:22:21.951Z,,BTC/USDT,43,26508.44,0.056038,26493.76,0.55034
15,1692832941951,2023-08-23T23:22:21.951Z,,BTC/USDT,44,26508.82,0.18895,26493.56,0.880564
15,1692832941951,2023-08-23T23:22:21.951Z,,BTC/USDT,45,26509.1,0.001132,26493.05,0.387
15,1692832941951,2023-08-23T23:22:21.951Z,,BTC/USDT,46,26509.76,0.173,26493.03,0.474314
15,1692832941951,2023-08-23T23:22:21.951Z,,BTC/USDT,47,26509.96,0.161203,26493.01,0.039394
15,1692832941951,2023-08-23T23:22:21.951Z,,BTC/USDT,48,26509.97,0.00075,26492.78,0.080135
15,1692832941951,2023-08-23T23:22:21.951Z,,BTC/USDT,49,26510.0,0.1849,26492.25,0.679197
15,1692832941951,2023-08-23T23:22:21.951Z,,BTC/USDT,50,26510.36,0.019705,26492.24,1.131987
16,1692832941971,2023-08-23T23:22:21.971Z,,BTC/USDT,1,26502.01,1.097934,26502.0,3.724122
16,1692832941971,2023-08-23T23:22:21.971Z,,BTC/USDT,2,26502.59,0.616622,26501.97,0.00075
16,1692832941971,2023-08-23T23:22:21.971Z,,BTC/USDT,3,26503.0,0.05,26501.3,0.05
16,1692832941971,2023-08-23T23:22:21.971Z,,BTC/USDT,4,26503.03,0.015093,26500.46,0.227082
16,1692832941971,2023-08-23T23:22:21.971Z,,BTC/USDT,5,26503.98,0.001132,26500.45,0.378466
16,1692832941971,2023-08-23T23:22:21.971Z,,BTC/USDT,6,26503.99,0.240867,26500.44,0.001
16,1692832941971,2023-08-23T23:22:21.971Z,,BTC/USDT,7,26504.0,0.1849,26500.0,0.002
16,1692832941971,2023-08-23T23:22:21.971Z,,BTC/USDT,8,26504.01,0.029583,26499.97,0.00075
16,1692832941971,2023-08-23T23:22:21.971Z,,BTC/USDT,9,26504.02,0.424547,26499.16,0.016422
16,1692832941971,2023-08-23T23:22:21.971Z,,BTC/USDT,10,26504.05,0.12,26498.94,0.65
16,1692832941971,2023-08-23T23:22:21.971Z,,BTC/USDT,11,26504.2,0.03,26498.93,0.153565
16,1692832941971,2023-08-23T23:22:21.971Z,,BTC/USDT,12,26505.2,0.754268,26498.79,0.629958
16,1692832941971,2023-08-23T23:22:21.971Z,,BTC/USDT,13,26505.26,0.568839,26498.69,0.036
16,1692832941971,2023-08-23T23:22:21.971Z,,BTC/USDT,14,26505.27,0.156983,26498.62,0.18895
16,1692832941971,2023-08-23T23:22:21.971Z,,BTC/USDT,15,26505.28,0.000141,26498.4,0.8716
16,1692832941971,2023-08-23T23:22:21.971Z,,BTC/USDT,16,26505.38,0.05,26498.37,0.011246
16,1692832941971,2023-08-23T23:22:21.971Z,,BTC/USDT,17,26505.49,0.566032,26498.36,0.18895
16,1692832941971,2023-08-23T23:22:21.971Z,,BTC/USDT,18,26505.58,0.94805,26498.1,0.18895
16,1692832941971,2023-08-23T23:22:21.971Z,,BTC/USDT,19,26505.62,0.0153,26497.98,0.157151
16,1692832941971,2023-08-23T23:22:21.971Z,,BTC/USDT,20,26505.65,0.01,26497.97,0.00075
16,1692832941971,2023-08-23T23:22:21.971Z,,BTC/USDT,21,26505.73,0.12,26497.84,0.18895
16,1692832941971,2023-08-23T23:22:21.971Z,,BTC/USDT,22,26505.97,0.00075,26497.64,0.018054
16,1692832941971,2023-08-23T23:22:21.971Z,,BTC/USDT,23,26506.0,0.1849,26497.58,0.18895
16,1692832941971,2023-08-23T23:22:21.971Z,,BTC/USDT,24,26506.48,0.011327,26497.32,0.18895
16,1692832941971,2023-08-23T23:22:21.971Z,,BTC/USDT,25,26506.56,0.550571,26497.22,0.001132
16,1692832941971,2023-08-23T23:22:21.971Z,,BTC/USDT,26,26506.57,0.91761,26497.21,0.176
16,1692832941971,2023-08-23T23:22:21.971Z,,BTC/USDT,27,26506.77,0.849008,26497.1,0.055698
16,1692832941971,2023-08-23T23:22:21.971Z,,BTC/USDT,28,26506.95,0.05,26497.06,0.18895
16,1692832941971,2023-08-23T23:22:21.971Z,,BTC/USDT,29,26507.17,0.030381,26496.8,0.18895
16,1692832941971,2023-08-23T23:22:21.971Z,,BTC/USDT,30,26507.57,0.524298,26496.79,0.55057
16,1692832941971,2023-08-23T23:22:21.971Z,,BTC/USDT,31,26507.58,0.87382,26496.78,0.91761
16,1692832941971,2023-08-23T23:22:21.971Z,,BTC/USDT,32,26507.65,0.18895,26496.66,0.196809
16,1692832941971,2023-08-23T23:22:21.971Z,,BTC/USDT,33,26507.91,0.18895,26496.43,0.10245
16,1692832941971,2023-08-23T23:22:21.971Z,,BTC/USDT,34,26507.94,0.075646,26495.97,0.00075
16,1692832941971,2023-08-23T23:22:21.971Z,,BTC/USDT,35,26507.97,0.00112,26495.8,0.568833
16,1692832941971,2023-08-23T23:22:21.971Z,,BTC/USDT,36,26508.0,0.1849,26495.79,0.94805
16,1692832941971,2023-08-23T23:22:21.971Z,,BTC/USDT,37,26508.17,0.18895,26495.67,0.015033
16,1692832941971,2023-08-23T23:22:21.971Z,,BTC/USDT,38,26508.41,0.284595,26495.66,0.754268
16,1692832941971,2023-08-23T23:22:21.971Z,,BTC/USDT,39,26508.42,0.474314,26495.59,0.017238
16,1692832941971,2023-08-23T23:22:21.971Z,,BTC/USDT,40,26508.43,0.18895,26494.51,0.001132
16,1692832941971,2023-08-23T23:22:21.971Z,,BTC/USDT,41,26508.44,0.056038,26494.22,0.07542
16,1692832941971,2023-08-23T23:22:21.971Z,,BTC/USDT,42,26508.82,0.18895,26493.97,0.00075
16,1692832941971,2023-08-23T23:22:21.971Z,,BTC/USDT,43,26509.1,0.001132,26493.76,0.55034
16,1692832941971,2023-08-23T23:22:21.971Z,,BTC/USDT,44,26509.76,0.173,26493.56,0.880564
16,1692832941971,2023-08-23T23:22:21.971Z,,BTC/USDT,45,26509.96,0.161203,26493.05,0.387
16,1692832941971,2023-08-23T23:22:21.971Z,,BTC/USDT,46,26509.97,0.00075,26493.03,0.474314
16,1692832941971,2023-08-23T23:22:21.971Z,,BTC/USDT,47,26510.0,0.1849,26493.01,0.039394
16,1692832941971,2023-08-23T23:22:21.971Z,,BTC/USDT,48,26510.36,0.019705,26492.78,0.080135
16,1692832941971,2023-08-23T23:22:21.971Z,,BTC/USDT,49,26511.7,0.104145,26492.25,0.679197
16,1692832941971,2023-08-23T23:22:21.971Z,,BTC/USDT,50,26511.97,0.00075,26492.24,1.131987
17,1692832941990,2023-08-23T23:22:21.990Z,,BTC/USDT,1,26502.01,1.097934,26502.0,3.724122
17,1692832941990,2023-08-23T23:22:21.990Z,,BTC/USDT,2,26502.59,0.616622,26501.97,0.00075
17,1692832941990,2023-08-23T23:22:21.990Z,,BTC/USDT,3,26503.0,0.05,26501.3,0.05
17,1692832941990,2023-08-23T23:22:21.990Z,,BTC/USDT,4,26503.03,0.015093,26500.46,0.227082
17,1692832941990,2023-08-23T23:22:21.990Z,,BTC/USDT,5,26503.98,0.001132,26500.45,0.378466
17,1692832941990,2023-08-23T23:22:21.990Z,,BTC/USDT,6,26503.99,0.240867,26500.44,0.001
17,1692832941990,2023-08-23T23:22:21.990Z,,BTC/USDT,7,26504.0,0.1849,26500.0,0.002
17,1692832941990,2023-08-23T23:22:21.990Z,,BTC/USDT,8,26504.01,0.029583,26499.97,0.00075
17,1692832941990,2023-08-23T23:22:21.990Z,,BTC/USDT,9,26504.02,0.424547,26498.94,0.65
17,1692832941990,2023-08-23T23:22:21.990Z,,BTC/USDT,10,26504.05,0.12,26498.93,0.153565
17,1692832941990,2023-08-23T23:22:21.990Z,,BTC/USDT,11,26504.2,0.03,26498.79,0.629958
17,1692832941990,2023-08-23T23:22:21.990Z,,BTC/USDT,12,26505.0,0.0153,26498.69,0.036
17,1692832941990,2023-08-23T23:22:21.990Z,,BTC/USDT,13,26505.2,0.754268,26498.62,0.18895
17,1692832941990,2023-08-23T23:22:21.990Z,,BTC/USDT,14,26505.26,0.568839,26498.4,0.8716
17,1692832941990,2023-08-23T23:22:21.990Z,,BTC/USDT,15,26505.27,0.156983,26498.37,0.011246
17,1692832941990,2023-08-23T23:22:21.990Z,,BTC/USDT,16,26505.28,0.000141,26498.36,0.18895
17,1692832941990,2023-08-23T23:22:21.990Z,,BTC/USDT,17,26505.38,0.05,26498.1,0.18895
17,1692832941990,2023-08-23T23:22:21.990Z,,BTC/USDT,18,26505.49,0.566032,26497.98,0.157151
17,1692832941990,2023-08-23T23:22:21.990Z,,BTC/USDT,19,26505.58,0.94805,26497.97,0.00075
17,1692832941990,2023-08-23T23:22:21.990Z,,BTC/USDT,20,26505.62,0.0153,26497.84,0.18895
17,1692832941990,2023-08-23T23:22:21.990Z,,BTC/USDT,21,26505.65,0.01,26497.64,0.018054
17,1692832941990,2023-08-23T23:22:21.990Z,,BTC/USDT,22,26505.73,0.12,26497.58,0.18895
17,1692832941990,2023-08-23T23:22:21.990Z,,BTC/USDT,23,26505.97,0.00075,26497.32,0.18895
17,1692832941990,2023-08-23T23:22:21.990Z,,BTC/USDT,24,26506.0,0.1849,26497.22,0.001132
17,1692832941990,2023-08-23T23:22:21.990Z,,BTC/USDT,25,26506.48,0.011327,26497.21,0.176
17,1692832941990,2023-08-23T23:22:21.990Z,,BTC/USDT,26,26506.56,0.550571,26497.1,0.055698
17,1692832941990,2023-08-23T23:22:21.990Z,,BTC/USDT,27,26506.57,0.91761,26497.06,0.18895
17,1692832941990,2023-08-23T23:22:21.990Z,,BTC/USDT,28,26506.77,0.849008,26496.8,0.18895
17,1692832941990,2023-08-23T23:22:21.990Z,,BTC/USDT,29,26506.95,0.05,26496.79,0.55057
17,1692832941990,2023-08-23T23:22:21.990Z,,BTC/USDT,30,26507.17,0.030381,26496.78,0.91761
17,1692832941990,2023-08-23T23:22:21.990Z,,BTC/USDT,31,26507.57,0.524298,26496.66,0.196809
17,1692832941990,2023-08-23T23:22:21.990Z,,BTC/USDT,32,26507.58,0.87382,26496.43,0.10245
17,1692832941990,2023-08-23T23:22:21.990Z,,BTC/USDT,33,26507.65,0.18895,26495.97,0.00075
17,1692832941990,2023-08-23T23:22:21.990Z,,BTC/USDT,34,26507.91,0.18895,26495.8,0.568833
17,1692832941990,2023-08-23T23:22:21.990Z,,BTC/USDT,35,26507.94,0.075646,26495.79,0.94805
17,1692832941990,2023-08-23T23:22:21.990Z,,BTC/USDT,36,26507.97,0.00112,26495.67,0.015033
17,1692832941990,2023-08-23T23:22:21.990Z,,BTC/USDT,37,26508.0,0.1849,26495.66,0.754268
17,1692832941990,2023-08-23T23:22:21.990Z,,BTC/USDT,38,26508.17,0.18895,26495.59,0.017238
17,1692832941990,2023-08-23T23:22:21.990Z,,BTC/USDT,39,26508.41,0.284595,26494.51,0.001132
17,1692832941990,2023-08-23T23:22:21.990Z,,BTC/USDT,40,26508.42,0.474314,26494.22,0.07542
17,1692832941990,2023-08-23T23:22:21.990Z,,BTC/USDT,41,26508.43,0.18895,26493.97,0.00075
17,1692832941990,2023-08-23T23:22:21.990Z,,BTC/USDT,42,26508.44,0.056038,26493.76,0.55034
17,1692832941990,2023-08-23T23:22:21.990Z,,BTC/USDT,43,26508.82,0.18895,26493.56,0.880564
17,1692832941990,2023-08-23T23:22:21.990Z,,BTC/USDT,44,26509.1,0.001132,26493.05,0.387
17,1692832941990,2023-08-23T23:22:21.990Z,,BTC/USDT,45,26509.76,0.173,26493.03,0.474314
17,1692832941990,2023-08-23T23:22:21.990Z,,BTC/USDT,46,26509.96,0.161203,26493.01,0.039394
17,1692832941990,2023-08-23T23:22:21.990Z,,BTC/USDT,47,26509.97,0.00075,26492.78,0.080135
17,1692832941990,2023-08-23T23:22:21.990Z,,BTC/USDT,48,26510.0,0.1849,26492.25,0.679197
17,1692832941990,2023-08-23T23:22:21.990Z,,BTC/USDT,49,26510.36,0.019705,26492.24,1.131987
17,1692832941990,2023-08-23T23:22:21.990Z,,BTC/USDT,50,26511.7,0.104145,26491.98,0.035356
18,1692832942050,2023-08-23T23:22:22.050Z,,BTC/USDT,1,26502.01,1.097934,26502.0,3.724122
18,1692832942050,2023-08-23T23:22:22.050Z,,BTC/USDT,2,26502.59,0.616622,26501.97,0.00075
18,1692832942050,2023-08-23T23:22:22.050Z,,BTC/USDT,3,26503.0,0.05,26501.3,0.05
18,1692832942050,2023-08-23T23:22:22.050Z,,BTC/USDT,4,26503.03,0.015093,26500.46,0.227082
18,1692832942050,2023-08-23T23:22:22.050Z,,BTC/USDT,5,26503.98,0.001132,26500.45,0.378466
18,1692832942050,2023-08-23T23:22:22.050Z,,BTC/USDT,6,26503.99,0.240867,26500.44,0.001
18,1692832942050,2023-08-23T23:22:22.050Z,,BTC/USDT,7,26504.0,0.1849,26500.0,0.002
18,1692832942050,2023-08-23T23:22:22.050Z,,BTC/USDT,8,26504.01,0.029583,26499.97,0.00075
18,1692832942050,2023-08-23T23:22:22.050Z,,BTC/USDT,9,26504.02,0.424547,26498.94,0.65
18,1692832942050,2023-08-23T23:22:22.050Z,,BTC/USDT,10,26504.05,0.12,26498.93,0.153565
18,1692832942050,2023-08-23T23:22:22.050Z,,BTC/USDT,11,26504.2,0.03,26498.79,0.629958
18,1692832942050,2023-08-23T23:22:22.050Z,,BTC/USDT,12,26505.0,0.0153,26498.69,0.036
18,1692832942050,2023-08-23T23:22:22.050Z,,BTC/USDT,13,26505.2,0.754268,26498.62,0.18895
18,1692832942050,2023-08-23T23:22:22.050Z,,BTC/USDT,14,26505.26,0.568839,26498.4,0.8716
18,1692832942050,2023-08-23T23:22:22.050Z,,BTC/USDT,15,26505.27,0.156983,26498.37,0.011246
18,1692832942050,2023-08-23T23:22:22.050Z,,BTC/USDT,16,26505.28,0.000141,26498.36,0.18895
18,1692832942050,2023-08-23T23:22:22.050Z,,BTC/USDT,17,26505.38,0.05,26498.1,0.18895
18,1692832942050,2023-08-23T23:22:22.050Z,,BTC/USDT,18,26505.49,0.566032,26497.98,0.157151
18,1692832942050,2023-08-23T23:22:22.050Z,,BTC/USDT,19,26505.58,0.94805,26497.97,0.00075
18,1692832942050,2023-08-23T23:22:22.050Z,,BTC/USDT,20,26505.62,0.0153,26497.84,0.18895
18,1692832942050,2023-08-23T23:22:22.050Z,,BTC/USDT,21,26505.65,0.01,26497.64,0.018054
18,1692832942050,2023-08-23T23:22:22.050Z,,BTC/USDT,22,26505.73,0.12,26497.58,0.18895
18,1692832942050,2023-08-23T23:22:22.050Z,,BTC/USDT,23,26505.97,0.00075,26497.32,0.18895
18,1692832942050,2023-08-23T23:22:22.050Z,,BTC/USDT,24,26506.0,0.1849,26497.22,0.001132
18,1692832942050,2023-08-23T23:22:22.050Z,,BTC/USDT,25,26506.48,0.011327,26497.21,0.176
18,1692832942050,2023-08-23T23:22:22.050Z,,BTC/USDT,26,26506.56,0.550571,26497.1,0.055698
18,1692832942050,2023-08-23T23:22:22.050Z,,BTC/USDT,27,26506.57,0.91761,26497.06,0.18895
18,1692832942050,2023-08-23T23:22:22.050Z,,BTC/USDT,28,26506.77,0.849008,26496.8,0.18895
18,1692832942050,2023-08-23T23:22:22.050Z,,BTC/USDT,29,26506.95,0.05,26496.79,0.55057
18,1692832942050,2023-08-23T23:22:22.050Z,,BTC/USDT,30,26507.17,0.030381,26496.78,0.91761
18,1692832942050,2023-08-23T23:22:22.050Z,,BTC/USDT,31,26507.57,0.524298,26496.66,0.196809
18,1692832942050,2023-08-23T23:22:22.050Z,,BTC/USDT,32,26507.58,0.87382,26496.43,0.10245
18,1692832942050,2023-08-23T23:22:22.050Z,,BTC/USDT,33,26507.65,0.18895,26495.97,0.00075
18,1692832942050,2023-08-23T23:22:22.050Z,,BTC/USDT,34,26507.91,0.18895,26495.8,0.568833
18,1692832942050,2023-08-23T23:22:22.050Z,,BTC/USDT,35,26507.94,0.075646,26495.79,0.94805
18,1692832942050,2023-08-23T23:22:22.050Z,,BTC/USDT,36,26507.97,0.00112,26495.67,0.015033
18,1692832942050,2023-08-23T23:22:22.050Z,,BTC/USDT,37,26508.0,0.1849,26495.66,0.754268
18,1692832942050,2023-08-23T23:22:22.050Z,,BTC/USDT,38,26508.17,0.18895,26495.59,0.017238
18,1692832942050,2023-08-23T23:22:22.050Z,,BTC/USDT,39,26508.41,0.284595,26494.51,0.001132
18,1692832942050,2023-08-23T23:22:22.050Z,,BTC/USDT,40,26508.42,0.474314,26494.22,0.07542
18,1692832942050,2023-08-23T23:22:22.050Z,,BTC/USDT,41,26508.43,0.18895,26493.97,0.00075
18,1692832942050,2023-08-23T23:22:22.050Z,,BTC/USDT,42,26508.44,0.056038,26493.76,0.55034
18,1692832942050,2023-08-23T23:22:22.050Z,,BTC/USDT,43,26508.82,0.18895,26493.56,0.880564
18,1692832942050,2023-08-23T23:22:22.050Z,,BTC/USDT,44,26509.1,0.001132,26493.05,0.387
18,1692832942050,2023-08-23T23:22:22.050Z,,BTC/USDT,45,26509.42,0.18895,26493.03,0.474314
18,1692832942050,2023-08-23T23:22:22.050Z,,BTC/USDT,46,26509.76,0.173,26493.01,0.039394
18,1692832942050,2023-08-23T23:22:22.050Z,,BTC/USDT,47,26509.96,0.161203,26492.78,0.080135
18,1692832942050,2023-08-23T23:22:22.050Z,,BTC/USDT,48,26509.97,0.00075,26492.25,0.679197
18,1692832942050,2023-08-23T23:22:22.050Z,,BTC/USDT,49,26510.0,0.1849,26492.24,1.131987
18,1692832942050,2023-08-23T23:22:22.050Z,,BTC/USDT,50,26510.36,0.019705,26491.98,0.035356
19,1692832942070,2023-08-23T23:22:22.070Z,,BTC/USDT,1,26502.01,1.097934,26502.0,3.764122
19,1692832942070,2023-08-23T23:22:22.070Z,,BTC/USDT,2,26502.59,0.616622,26501.97,0.00075
19,1692832942070,2023-08-23T23:22:22.070Z,,BTC/USDT,3,26503.0,0.05,26501.3,0.05
19,1692832942070,2023-08-23T23:22:22.070Z,,BTC/USDT,4,26503.03,0.015093,26500.46,0.227082
19,1692832942070,2023-08-23T23:22:22.070Z,,BTC/USDT,5,26503.98,0.001132,26500.45,0.378466
19,1692832942070,2023-08-23T23:22:22.070Z,,BTC/USDT,6,26503.99,0.240867,26500.44,0.001
19,1692832942070,2023-08-23T23:22:22.070Z,,BTC/USDT,7,26504.0,0.1849,26500.0,0.002
19,1692832942070,2023-08-23T23:22:22.070Z,,BTC/USDT,8,26504.01,0.029583,26499.97,0.00075
19,1692832942070,2023-08-23T23:22:22.070Z,,BTC/USDT,9,26504.02,0.424547,26498.94,0.65
19,1692832942070,2023-08-23T23:22:22.070Z,,BTC/USDT,10,26504.05,0.12,26498.93,0.153565
19,1692832942070,2023-08-23T23:22:22.070Z,,BTC/USDT,11,26504.2,0.03,26498.79,0.629958
19,1692832942070,2023-08-23T23:22:22.070Z,,BTC/USDT,12,26505.0,0.0153,26498.69,0.036
19,1692832942070,2023-08-23T23:22:22.070Z,,BTC/USDT,13,26505.2,0.754268,26498.62,0.18895
19,1692832942070,2023-08-23T23:22:22.070Z,,BTC/USDT,14,26505.26,0.568839,26498.4,0.8716
19,1692832942070,2023-08-23T23:22:22.070Z,,BTC/USDT,15,26505.27,0.156983,26498.37,0.011246
19,1692832942070,2023-08-23T23:22:22.070Z,,BTC/USDT,16,26505.28,0.000141,26498.36,0.18895
19,1692832942070,2023-08-23T23:22:22.070Z,,BTC/USDT,17,26505.38,0.05,26498.1,0.18895
19,1692832942070,2023-08-23T23:22:22.070Z,,BTC/USDT,18,26505.49,0.566032,26497.98,0.157151
19,1692832942070,2023-08-23T23:22:22.070Z,,BTC/USDT,19,26505.58,0.94805,26497.97,0.00075
19,1692832942070,2023-08-23T23:22:22.070Z,,BTC/USDT,20,26505.62,0.0153,26497.84,0.18895
19,1692832942070,2023-08-23T23:22:22.070Z,,BTC/USDT,21,26505.65,0.01,26497.64,0.018054
19,1692832942070,2023-08-23T23:22:22.070Z,,BTC/USDT,22,26505.73,0.12,26497.58,0.18895
19,1692832942070,2023-08-23T23:22:22.070Z,,BTC/USDT,23,26505.97,0.00075,26497.32,0.18895
19,1692832942070,2023-08-23T23:22:22.070Z,,BTC/USDT,24,26506.0,0.1849,26497.22,0.001132
19,1692832942070,2023-08-23T23:22:22.070Z,,BTC/USDT,25,26506.48,0.011327,26497.21,0.176
19,1692832942070,2023-08-23T23:22:22.070Z,,BTC/USDT,26,26506.56,0.550571,26497.1,0.055698
19,1692832942070,2023-08-23T23:22:22.070Z,,BTC/USDT,27,26506.57,0.91761,26497.06,0.18895
19,1692832942070,2023-08-23T23:22:22.070Z,,BTC/USDT,28,26506.77,0.849008,26496.8,0.18895
19,1692832942070,2023-08-23T23:22:22.070Z,,BTC/USDT,29,26506.95,0.05,26496.79,0.55057
19,1692832942070,2023-08-23T23:22:22.070Z,,BTC/USDT,30,26507.17,0.030381,26496.78,0.91761
19,1692832942070,2023-08-23T23:22:22.070Z,,BTC/USDT,31,26507.57,0.524298,26496.66,0.196809
19,1692832942070,2023-08-23T23:22:22.070Z,,BTC/USDT,32,26507.58,0.87382,26496.43,0.10245
19,1692832942070,2023-08-23T23:22:22.070Z,,BTC/USDT,33,26507.65,0.18895,26495.97,0.00075
19,1692832942070,2023-08-23T23:22:22.070Z,,BTC/USDT,34,26507.91,0.18895,26495.8,0.568833
19,1692832942070,2023-08-23T23:22:22.070Z,,BTC/USDT,35,26507.94,0.075646,26495.79,0.94805
19,1692832942070,2023-08-23T23:22:22.070Z,,BTC/USDT,36,26507.97,0.00112,26495.67,0.015033
19,1692832942070,2023-08-23T23:22:22.070Z,,BTC/USDT,37,26508.0,0.1849,26495.66,0.754268
19,1692832942070,2023-08-23T23:22:22.070Z,,BTC/USDT,38,26508.17,0.18895,26495.59,0.017238
19,1692832942070,2023-08-23T23:22:22.070Z,,BTC/USDT,39,26508.41,0.284595,26494.51,0.001132
19,1692832942070,2023-08-23T23:22:22.070Z,,BTC/USDT,40,26508.42,0.474314,26494.22,0.07542
19,1692832942070,2023-08-23T23:22:22.070Z,,BTC/USDT,41,26508.43,0.18895,26493.97,0.00075
19,1692832942070,2023-08-23T23:22:22.070Z,,BTC/USDT,42,26508.44,0.056038,26493.76,0.55034
19,1692832942070,2023-08-23T23:22:22.070Z,,BTC/USDT,43,26508.82,0.18895,26493.57,0.528346
19,1692832942070,2023-08-23T23:22:22.070Z,,BTC/USDT,44,26509.1,0.001132,26493.56,0.880564
19,1692832942070,2023-08-23T23:22:22.070Z,,BTC/USDT,45,26509.42,0.18895,26493.05,0.387
19,1692832942070,2023-08-23T23:22:22.070Z,,BTC/USDT,46,26509.76,0.173,26493.03,0.474314
19,1692832942070,2023-08-23T23:22:22.070Z,,BTC/USDT,47,26509.96,0.161203,26493.01,0.039394
19,1692832942070,2023-08-23T23:22:22.070Z,,BTC/USDT,48,26509.97,0.00075,26492.78,0.080135
19,1692832942070,2023-08-23T23:22:22.070Z,,BTC/USDT,49,26510.0,0.1849,26492.25,0.679197
19,1692832942070,2023-08-23T23:22:22.070Z,,BTC/USDT,50,26510.36,0.019705,26492.24,1.131987
20,1692832942090,2023-08-23T23:22:22.090Z,,BTC/USDT,1,26502.01,1.24802,26502.0,3.804122
20,1692832942090,2023-08-23T23:22:22.090Z,,BTC/USDT,2,26502.59,0.616622,26501.97,0.00075
20,1692832942090,2023-08-23T23:22:22.090Z,,BTC/USDT,3,26503.0,0.05,26501.3,0.05
20,1692832942090,2023-08-23T23:22:22.090Z,,BTC/USDT,4,26503.03,0.015093,26500.46,0.227082
20,1692832942090,2023-08-23T23:22:22.090Z,,BTC/USDT,5,26503.98,0.001132,26500.45,0.378466
20,1692832942090,2023-08-23T23:22:22.090Z,,BTC/USDT,6,26503.99,0.240867,26500.44,0.001
20,1692832942090,2023-08-23T23:22:22.090Z,,BTC/USDT,7,26504.0,0.1849,26500.0,0.002
20,1692832942090,2023-08-23T23:22:22.090Z,,BTC/USDT,8,26504.01,0.029583,26499.97,0.00075
20,1692832942090,2023-08-23T23:22:22.090Z,,BTC/USDT,9,26504.02,0.424547,26498.94,0.65
20,1692832942090,2023-08-23T23:22:22.090Z,,BTC/USDT,10,26504.05,0.12,26498.93,0.153565
20,1692832942090,2023-08-23T23:22:22.090Z,,BTC/USDT,11,26504.2,0.03,26498.79,0.629958
20,1692832942090,2023-08-23T23:22:22.090Z,,BTC/USDT,12,26505.0,0.0153,26498.69,0.036
20,1692832942090,2023-08-23T23:22:22.090Z,,BTC/USDT,13,26505.2,0.754268,26498.62,0.18895
20,1692832942090,2023-08-23T23:22:22.090Z,,BTC/USDT,14,26505.26,0.568839,26498.4,0.8716
20,1692832942090,2023-08-23T23:22:22.090Z,,BTC/USDT,15,26505.27,0.156983,26498.37,0.011246
20,1692832942090,2023-08-23T23:22:22.090Z,,BTC/USDT,16,26505.28,0.000141,26498.36,0.18895
20,1692832942090,2023-08-23T23:22:22.090Z,,BTC/USDT,17,26505.38,0.05,26498.1,0.18895
20,1692832942090,2023-08-23T23:22:22.090Z,,BTC/USDT,18,26505.49,0.566032,26497.98,0.157151
20,1692832942090,2023-08-23T23:22:22.090Z,,BTC/USDT,19,26505.58,0.94805,26497.97,0.00075
20,1692832942090,2023-08-23T23:22:22.090Z,,BTC/USDT,20,26505.62,0.0153,26497.84,0.18895
20,1692832942090,2023-08-23T23:22:22.090Z,,BTC/USDT,21,26505.65,0.01,26497.64,0.018054
20,1692832942090,2023-08-23T23:22:22.090Z,,BTC/USDT,22,26505.73,0.12,26497.58,0.18895
20,1692832942090,2023-08-23T23:22:22.090Z,,BTC/USDT,23,26505.97,0.00075,26497.32,0.18895
20,1692832942090,2023-08-23T23:22:22.090Z,,BTC/USDT,24,26506.0,0.1849,26497.22,0.001132
20,1692832942090,2023-08-23T23:22:22.090Z,,BTC/USDT,25,26506.48,0.011327,26497.21,0.176
20,1692832942090,2023-08-23T23:22:22.090Z,,BTC/USDT,26,26506.56,0.550571,26497.1,0.055698
20,1692832942090,2023-08-23T23:22:22.090Z,,BTC/USDT,27,26506.57,0.91761,26497.06,0.18895
20,1692832942090,2023-08-23T23:22:22.090Z,,BTC/USDT,28,26506.77,0.849008,26496.8,0.18895
20,1692832942090,2023-08-23T23:22:22.090Z,,BTC/USDT,29,26506.95,0.05,26496.79,0.55057
20,1692832942090,2023-08-23T23:22:22.090Z,,BTC/USDT,30,26507.17,0.030381,26496.78,0.91761
20,1692832942090,2023-08-23T23:22:22.090Z,,BTC/USDT,31,26507.57,0.524298,26496.66,0.196809
20,1692832942090,2023-08-23T23:22:22.090Z,,BTC/USDT,32,26507.58,0.87382,26496.43,0.10245
20,1692832942090,2023-08-23T23:22:22.090Z,,BTC/USDT,33,26507.65,0.18895,26495.97,0.00075
20,1692832942090,2023-08-23T23:22:22.090Z,,BTC/USDT,34,26507.91,0.18895,26495.8,0.568833
20,1692832942090,2023-08-23T23:22:22.090Z,,BTC/USDT,35,26507.94,0.075646,26495.79,0.94805
20,1692832942090,2023-08-23T23:22:22.090Z,,BTC/USDT,36,26507.97,0.00112,26495.67,0.015033
20,1692832942090,2023-08-23T23:22:22.090Z,,BTC/USDT,37,26508.0,0.1849,26495.66,0.754268
20,1692832942090,2023-08-23T23:22:22.090Z,,BTC/USDT,38,26508.17,0.18895,26495.59,0.017238
20,1692832942090,2023-08-23T23:22:22.090Z,,BTC/USDT,39,26508.41,0.284595,26494.51,0.001132
20,1692832942090,2023-08-23T23:22:22.090Z,,BTC/USDT,40,26508.42,0.474314,26494.22,0.07542
20,1692832942090,2023-08-23T23:22:22.090Z,,BTC/USDT,41,26508.43,0.18895,26493.97,0.00075
20,1692832942090,2023-08-23T23:22:22.090Z,,BTC/USDT,42,26508.44,0.056038,26493.76,0.55034
20,1692832942090,2023-08-23T23:22:22.090Z,,BTC/USDT,43,26508.82,0.18895,26493.57,0.528346
20,1692832942090,2023-08-23T23:22:22.090Z,,BTC/USDT,44,26509.1,0.001132,26493.56,0.880564
20,1692832942090,2023-08-23T23:22:22.090Z,,BTC/USDT,45,26509.42,0.18895,26493.05,0.387
20,1692832942090,2023-08-23T23:22:22.090Z,,BTC/USDT,46,26509.76,0.173,26493.03,0.474314
20,1692832942090,2023-08-23T23:22:22.090Z,,BTC/USDT,47,26509.96,0.161203,26493.01,0.039394
20,1692832942090,2023-08-23T23:22:22.090Z,,BTC/USDT,48,26509.97,0.00075,26492.78,0.080135
20,1692832942090,2023-08-23T23:22:22.090Z,,BTC/USDT,49,26510.0,0.1849,26492.25,0.679197
20,1692832942090,2023-08-23T23:22:22.090Z,,BTC/USDT,50,26510.36,0.019705,26492.24,1.131987
21,1692832942110,2023-08-23T23:22:22.110Z,,BTC/USDT,1,26502.01,1.94802,26502.0,3.804122
21,1692832942110,2023-08-23T23:22:22.110Z,,BTC/USDT,2,26502.59,0.616622,26501.97,0.00075
21,1692832942110,2023-08-23T23:22:22.110Z,,BTC/USDT,3,26503.0,0.05,26501.3,0.05
21,1692832942110,2023-08-23T23:22:22.110Z,,BTC/USDT,4,26503.03,0.015093,26500.46,0.227082
21,1692832942110,2023-08-23T23:22:22.110Z,,BTC/USDT,5,26503.98,0.001132,26500.45,0.378466
21,1692832942110,2023-08-23T23:22:22.110Z,,BTC/USDT,6,26503.99,0.240867,26500.44,0.001
21,1692832942110,2023-08-23T23:22:22.110Z,,BTC/USDT,7,26504.0,0.1849,26500.0,0.002
21,1692832942110,2023-08-23T23:22:22.110Z,,BTC/USDT,8,26504.01,0.029583,26499.97,0.00075
21,1692832942110,2023-08-23T23:22:22.110Z,,BTC/USDT,9,26504.02,0.424547,26498.94,0.65
21,1692832942110,2023-08-23T23:22:22.110Z,,BTC/USDT,10,26504.05,0.12,26498.93,0.153565
21,1692832942110,2023-08-23T23:22:22.110Z,,BTC/USDT,11,26504.2,0.03,26498.79,0.629958
21,1692832942110,2023-08-23T23:22:22.110Z,,BTC/USDT,12,26505.0,0.0153,26498.69,0.036
21,1692832942110,2023-08-23T23:22:22.110Z,,BTC/USDT,13,26505.2,0.754268,26498.62,0.18895
21,1692832942110,2023-08-23T23:22:22.110Z,,BTC/USDT,14,26505.26,0.568839,26498.4,0.8716
21,1692832942110,2023-08-23T23:22:22.110Z,,BTC/USDT,15,26505.27,0.156983,26498.37,0.011246
21,1692832942110,2023-08-23T23:22:22.110Z,,BTC/USDT,16,26505.28,0.000141,26498.36,0.18895
21,1692832942110,2023-08-23T23:22:22.110Z,,BTC/USDT,17,26505.38,0.05,26498.1,0.18895
21,1692832942110,2023-08-23T23:22:22.110Z,,BTC/USDT,18,26505.49,0.566032,26497.98,0.157151
21,1692832942110,2023-08-23T23:22:22.110Z,,BTC/USDT,19,26505.58,0.94805,26497.97,0.00075
21,1692832942110,2023-08-23T23:22:22.110Z,,BTC/USDT,20,26505.62,0.0153,26497.84,0.18895
21,1692832942110,2023-08-23T23:22:22.110Z,,BTC/USDT,21,26505.65,0.01,26497.64,0.018054
21,1692832942110,2023-08-23T23:22:22.110Z,,BTC/USDT,22,26505.73,0.12,26497.58,0.18895
21,1692832942110,2023-08-23T23:22:22.110Z,,BTC/USDT,23,26505.97,0.00075,26497.32,0.18895
21,1692832942110,2023-08-23T23:22:22.110Z,,BTC/USDT,24,26506.0,0.1849,26497.22,0.001132
21,1692832942110,2023-08-23T23:22:22.110Z,,BTC/USDT,25,26506.48,0.011327,26497.21,0.176
21,1692832942110,2023-08-23T23:22:22.110Z,,BTC/USDT,26,26506.56,0.550571,26497.1,0.055698
21,1692832942110,2023-08-23T23:22:22.110Z,,BTC/USDT,27,26506.57,0.91761,26497.06,0.18895
21,1692832942110,2023-08-23T23:22:22.110Z,,BTC/USDT,28,26506.77,0.849008,26496.8,0.18895
21,1692832942110,2023-08-23T23:22:22.110Z,,BTC/USDT,29,26506.95,0.05,26496.79,0.55057
21,1692832942110,2023-08-23T23:22:22.110Z,,BTC/USDT,30,26507.17,0.030381,26496.78,0.91761
21,1692832942110,2023-08-23T23:22:22.110Z,,BTC/USDT,31,26507.57,0.524298,26496.66,0.196809
21,1692832942110,2023-08-23T23:22:22.110Z,,BTC/USDT,32,26507.58,0.87382,26496.43,0.10245
21,1692832942110,2023-08-23T23:22:22.110Z,,BTC/USDT,33,26507.65,0.18895,26495.97,0.00075
21,1692832942110,2023-08-23T23:22:22.110Z,,BTC/USDT,34,26507.91,0.18895,26495.8,0.568833
21,1692832942110,2023-08-23T23:22:22.110Z,,BTC/USDT,35,26507.94,0.075646,26495.79,0.94805
21,1692832942110,2023-08-23T23:22:22.110Z,,BTC/USDT,36,26507.97,0.00112,26495.67,0.015033
21,1692832942110,2023-08-23T23:22:22.110Z,,BTC/USDT,37,26508.0,0.1849,26495.66,0.754268
21,1692832942110,2023-08-23T23:22:22.110Z,,BTC/USDT,38,26508.17,0.18895,26495.59,0.017238
21,1692832942110,2023-08-23T23:22:22.110Z,,BTC/USDT,39,26508.41,0.284595,26494.51,0.001132
21,1692832942110,2023-08-23T23:22:22.110Z,,BTC/USDT,40,26508.42,0.474314,26494.22,0.07542
21,1692832942110,2023-08-23T23:22:22.110Z,,BTC/USDT,41,26508.43,0.18895,26493.97,0.00075
21,1692832942110,2023-08-23T23:22:22.110Z,,BTC/USDT,42,26508.44,0.056038,26493.76,0.55034
21,1692832942110,2023-08-23T23:22:22.110Z,,BTC/USDT,43,26508.82,0.18895,26493.57,0.528346
21,1692832942110,2023-08-23T23:22:22.110Z,,BTC/USDT,44,26509.1,0.001132,26493.56,0.880564
21,1692832942110,2023-08-23T23:22:22.110Z,,BTC/USDT,45,26509.42,0.18895,26493.05,0.387
21,1692832942110,2023-08-23T23:22:22.110Z,,BTC/USDT,46,26509.76,0.173,26493.03,0.474314
21,1692832942110,2023-08-23T23:22:22.110Z,,BTC/USDT,47,26509.96,0.161203,26493.01,0.039394
21,1692832942110,2023-08-23T23:22:22.110Z,,BTC/USDT,48,26509.97,0.00075,26492.78,0.080135
21,1692832942110,2023-08-23T23:22:22.110Z,,BTC/USDT,49,26510.0,0.1849,26492.25,0.679197
21,1692832942110,2023-08-23T23:22:22.110Z,,BTC/USDT,50,26510.36,0.019705,26492.24,1.131987
22,1692832942151,2023-08-23T23:22:22.151Z,,BTC/USDT,1,26502.01,1.94802,26502.0,3.804122
22,1692832942151,2023-08-23T23:22:22.151Z,,BTC/USDT,2,26502.59,0.616622,26501.97,0.00075
22,1692832942151,2023-08-23T23:22:22.151Z,,BTC/USDT,3,26503.0,0.05,26501.3,0.05
22,1692832942151,2023-08-23T23:22:22.151Z,,BTC/USDT,4,26503.03,0.015093,26500.46,0.227082
22,1692832942151,2023-08-23T23:22:22.151Z,,BTC/USDT,5,26503.98,0.001132,26500.45,0.378466
22,1692832942151,2023-08-23T23:22:22.151Z,,BTC/USDT,6,26503.99,0.240867,26500.44,0.001
22,1692832942151,2023-08-23T23:22:22.151Z,,BTC/USDT,7,26504.0,0.1849,26500.0,0.002
22,1692832942151,2023-08-23T23:22:22.151Z,,BTC/USDT,8,26504.01,0.029583,26499.97,0.00075
22,1692832942151,2023-08-23T23:22:22.151Z,,BTC/USDT,9,26504.02,0.424547,26498.94,0.65
22,1692832942151,2023-08-23T23:22:22.151Z,,BTC/USDT,10,26504.05,0.12,26498.93,0.153565
22,1692832942151,2023-08-23T23:22:22.151Z,,BTC/USDT,11,26504.2,0.03,26498.79,0.629958
22,1692832942151,2023-08-23T23:22:22.151Z,,BTC/USDT,12,26505.0,0.0153,26498.69,0.036
22,1692832942151,2023-08-23T23:22:22.151Z,,BTC/USDT,13,26505.2,0.754268,26498.62,0.18895
22,1692832942151,2023-08-23T23:22:22.151Z,,BTC/USDT,14,26505.26,0.568839,26498.4,0.8716
22,1692832942151,2023-08-23T23:22:22.151Z,,BTC/USDT,15,26505.27,0.156983,26498.37,0.011246
22,1692832942151,2023-08-23T23:22:22.151Z,,BTC/USDT,16,26505.28,0.000141,26498.36,0.18895
22,1692832942151,2023-08-23T23:22:22.151Z,,BTC/USDT,17,26505.38,0.05,26498.1,0.18895
22,1692832942151,2023-08-23T23:22:22.151Z,,BTC/USDT,18,26505.49,0.566032,26497.98,0.157151
22,1692832942151,2023-08-23T23:22:22.151Z,,BTC/USDT,19,26505.58,0.94805,26497.97,0.00075
22,1692832942151,2023-08-23T23:22:22.151Z,,BTC/USDT,20,26505.62,0.0153,26497.84,0.18895
22,1692832942151,2023-08-23T23:22:22.151Z,,BTC/USDT,21,26505.65,0.01,26497.64,0.018054
22,1692832942151,2023-08-23T23:22:22.151Z,,BTC/USDT,22,26505.73,0.12,26497.58,0.18895
22,1692832942151,2023-08-23T23:22:22.151Z,,BTC/USDT,23,26505.97,0.00075,26497.32,0.18895
22,1692832942151,2023-08-23T23:22:22.151Z,,BTC/USDT,24,26506.0,0.1849,26497.22,0.001132
22,1692832942151,2023-08-23T23:22:22.151Z,,BTC/USDT,25,26506.48,0.011327,26497.21,0.176
22,1692832942151,2023-08-23T23:22:22.151Z,,BTC/USDT,26,26506.56,0.550571,26497.1,0.055698
22,1692832942151,2023-08-23T23:22:22.151Z,,BTC/USDT,27,26506.57,0.91761,26497.06,0.18895
22,1692832942151,2023-08-23T23:22:22.151Z,,BTC/USDT,28,26506.77,0.849008,26496.8,0.18895
22,1692832942151,2023-08-23T23:22:22.151Z,,BTC/USDT,29,26506.95,0.05,26496.79,0.55057
22,1692832942151,2023-08-23T23:22:22.151Z,,BTC/USDT,30,26507.17,0.030381,26496.78,0.91761
22,1692832942151,2023-08-23T23:22:22.151Z,,BTC/USDT,31,26507.39,0.18895,26496.66,0.196809
22,1692832942151,2023-08-23T23:22:22.151Z,,BTC/USDT,32,26507.57,0.524298,26496.43,0.10245
22,1692832942151,2023-08-23T23:22:22.151Z,,BTC/USDT,33,26507.58,0.87382,26495.97,0.00075
22,1692832942151,2023-08-23T23:22:22.151Z,,BTC/USDT,34,26507.65,0.18895,26495.8,0.568833
